2049 3360
377 171 445 220 736
860 160 1128 211 ΜοΝυΜΕΝτΑ
1158 159 1405 211 xAv'ssmANA

1077 417 1182 457 11⁶2

554 519 735 562 PATRI
771 519 1026 562 IGNATIO
1062 520 1140 561 DE
1174 499 1443 570 LOYOLA,
1480 521 1706 564 ROMAM

867 627 967 668 Goa
990 640 1017 682 9
1035 624 1202 681 Aprilis
1226 636 1332 679 1552
1363 628 1389 667 ¹.

328 733 383 769 De
401 745 473 768 sua
492 734 534 768 in
555 733 672 767 Sinas
687 744 775 767 cum
793 731 942 767 duobus
954 732 1082 772 sociis,
1098 734 1133 766 et
1151 731 1326 766 aliorum
1343 732 1386 766 in
1395 731 1616 778 Japoniam
1626 733 1933 780 profectione.—

394 794 618 827 Barzaeum
638 791 770 827 Goani
798 791 956 837 collegii
969 793 1158 826 rectorem
1177 791 1378 826 constituit
1395 791 1505 836 eique
1526 792 1644 826 totius
1658 791 1798 827 Indiae
1812 793 1935 828 Prae-

385 851 589 898 fecturam
609 850 1041 887 committit.-Socium
1067 851 1109 885 in
1130 849 1381 885 Lusitaniam
1405 850 1542 892 mittit,
1562 851 1631 896 qui
1653 851 1745 886 inde
1764 851 1933 900 Romam

390 914 544 958 perget,
565 913 608 944 ut
625 911 671 946 de
695 910 888 951 omnibus,
920 921 1019 955 quae
1043 910 1096 944 ad
1132 908 1356 960 Orientales
1380 910 1559 957 regiones
1587 911 1801 956 pertinent,
1825 898 1942 958 act-u<
1977 919 1991 954 Α·

394 973 526 1005 ratam
542 969 736 1005 rationem
752 968 1160 1016 reddat.—Egregiae
1178 968 1283 1003 dotes
1300 979 1450 1009 eorum,
1470 969 1539 1014 qui
1556 969 1599 1003 in
1608 967 1829 1016 saponiam
1842 972 1934 1004 sunt

392 1029 789 1075 mittendi.-Belgas
818 1031 889 1063 aut
903 1039 1118 1075 germanos
1152 1028 1272 1062 socios
1296 1028 1571 1074 perappositos
1585 1027 1759 1074 judicat,
1791 1029 1933 1076 quippe

384 1088 563 1136 frigoris
593 1089 811 1133 laborisque
841 1086 1237 1134 patientes.—Goani
1265 1086 1423 1134 collegii
1457 1089 1660 1130 rectorem,
1696 1088 1744 1122 ab
1771 1087 1933 1136 Ignatio

389 1149 594 1190 delectum,
610 1146 991 1198 petit.-Pontificia
1008 1147 1243 1194 diplomata,
1267 1147 1342 1181 rite
1361 1146 1583 1194 obsignata,
1602 1146 1675 1181 sibi
1699 1146 1928 1182 mittantur.

389 1207 609 1255 —Magnus
626 1208 794 1242 delectus
812 1206 1011 1241 haben-dus
1024 1207 1067 1241 in
1081 1204 1361 1247 sacerdotibus,
1377 1206 1446 1251 qui
1462 1206 1505 1241 in
1519 1205 1679 1241 Indiam
1698 1206 1928 1241 mittuntur.

389 1268 677 1302 —Accuratam
696 1266 741 1301 de
758 1265 933 1313 singulis
949 1265 1062 1300 sociis
1086 1265 1284 1300 rationem
1302 1265 1345 1299 in
1363 1263 1447 1311 ejus
1477 1265 1650 1312 epistolis
1680 1263 1808 1312 legere
1828 1276 1930 1312 gau—
1971 1286 1993 1327 ,ς

394 1328 516 1362 deret.

413 1422 569 1478 Gratia
591 1441 636 1478 et
664 1419 857 1477 charitas
879 1434 987 1490 Jesu
1015 1431 1181 1476 Christi
1211 1433 1266 1475 D.
1299 1432 1355 1475 N.
1389 1415 1446 1475 sit
1474 1420 1706 1476 nobiscum
1738 1426 1927 1488 semper.
1959 1419 1993 1499 {⁴-

327 1496 492 1555 Amen.
715 1570 717 1574 Α
1963 1499 1981 1563 ξ

418 1601 453 1632 1.
518 1576 759 1631 Februario
782 1577 934 1630 mense
951 1577 1150 1643 proximo
1166 1587 1181 1608 ²
1205 1586 1360 1643 scripsi
1382 1573 1445 1649 ad*
1461 1573 1504 1631 te
1526 1586 1582 1630 de
1604 1599 1703 1629 meo
1720 1567 1777 1634 ex‘
1790 1570 1937 1649 Japo‘-⁴
1958 1591 1990 1642 -ςᾷ
2048 1633 2049 1641 ¹

326 1665 397 1710 nia
419 1665 464 1708 in
486 1664 654 1708 Indiam
678 1663 839 1717 reditu,
871 1665 925 1708 de
962 1652 1246 1707 multitudine
1283 1649 1574 1707 Ethnicorum
1610 1664 1667 1737 ad
1699 1657 1926 1706 Christum
1950 1656 1989 1757 ξ
2047 1698 2049 1718 4

323 1749 583 1801 aggregata,
615 1742 670 1784 de
692 1740 843 1785 Cosmi
872 1740 1093 1793 Turriani,
1118 1747 1163 1784 et
1192 1739 1378 1798 Joannis
1400 1741 1434 1784 F
1437 1738 1667 1785 erdinandi
1690 1736 1921 1793 industria,
1952 1735 1986 1803 ,ξι

322 1819 397 1876 qui
419 1835 445 1863 a
461 1833 532 1862 me
554 1817 824 1874 Amangucii
847 1817 987 1861 relicti
1009 1814 1320 1861 Christianos
1303 1831 1395 1872 Jam
1420 1817 1575 1870 factos,
1593 1816 1760 1872 quique
1775 1815 1925 1871 quoti-
1952 1807 1993 1885 ξ

321 1897 394 1970 die
414 1897 544 1949 fiunt,
568 1895 780 1940 excolunt
801 1894 1055 1951 diligenter.
1082 1893 1348 1950 Propediem
1364 1894 1454 1937 duo
1471 1909 1496 1938 e
1513 1892 1736 1938 Societate
1753 1893 1923 1936 Aman-
1942 1882 1990 1927 ¹³⁴

320 1973 502 2031 gucium
525 1971 876 2030 proficiscentur,
900 1971 977 2027 qui
994 1970 1152 2028 partim
1175 1970 1443 2014 Turrianum
1471 1985 1553 2014 sua
1583 1984 1716 2027 opera
1745 1969 1921 2025 juvent,
1911 2002 1955 2034 ,μ
1983 1957 1989 1966 “

318 2050 478 2108 partim
500 2050 630 2095 etiam
642 2049 860 2108 Japonica
875 2048 1030 2105 lingua
1045 2047 1320 2092 erudiantur.
1346 2055 1395 2092 ut
1416 2063 1518 2092 cum
1539 2053 1738 2115 spectata
1758 2031 1950 2101 virtute]v

318 2129 475 2171 Patres
503 2126 633 2170 istinc
662 2125 923 2170 advenerint
950 2125 995 2168 in
1016 2122 1254 2183 Japonicas
1286 2123 1553 2170 Academias
1588 2121 1708 2176 ituri,
1747 2129 1924 2180 paratos

317 2204 510 2248 habeant
531 2204 686 2248 fideles
714 2203 994 2259 interpreteS,
1023 2201 1186 2258 quibus
1208 2208 1405 2246 utantur.
1431 2199 1736 2258 Amangucii
1718 2214 1811 2256 Jam
1839 2184 1947 2243 Dei'

317 2279 594 2338 benignitate
625 2279 865 2326 Societatis
885 2277 1170 2323 Domicilium
1186 2285 1254 2323 est
1275 2278 1567 2322 constitutum
1590 2284 1679 2321 tam
1696 2275 1849 2334 procul
1865 2275 1921 2319 ab

316 2358 427 2402 urbe
454 2359 607 2402 Roma.
630 2358 773 2402 Abest
792 2355 957 2413 quippe
973 2371 999 2399 a
1014 2357 1115 2400 Goa
1127 2355 1317 2413 amplius
1334 2354 1599 2413 quadragies
1616 2360 1805 2399 centena
1821 2352 1918 2397 mil-
1929 2363 1940 2391 .·

383 2511 395 2532 ¹
445 2511 503 2546 Ex
520 2511 742 2557 TuRsssLL„
758 2510 825 2546 lib.
851 2509 921 2557 IV,
945 2521 1006 2557 ep.
1027 2508 1212 2545 6.—Vide
1239 2509 1430 2554 CUTILL.,
1451 2520 1551 2545 anno
1574 2516 1677 2555 1552,
1692 2519 1752 2555 ep.
1769 2507 1840 2553 8(7
1856 2506 1918 2544 die

315 2569 486 2616 Aprilis):
507 2570 700 2616 MENCH.,
719 2569 786 2605 lib.
818 2569 887 2615 IV,
906 2580 967 2616 ep.
998 2576 1057 2614 17.
1086 2567 1250 2604 Cutillas
1274 2567 1326 2604 ait
1343 2568 1442 2604 hane
1472 2567 1675 2614 epistolam
1697 2566 1934 2620 inscriptam.

312 2627 447 2664 fuisse:
468 2628 527 2663 «A
544 2627 596 2663 mi
613 2634 724 2664 santo
742 2627 865 2664 Padre
883 2639 932 2663 en
949 2627 1119 2673 Christo,
1138 2627 1261 2663 Padre
1278 2627 1435 2673 Ignacio
1451 2626 1500 2663 de
1518 2626 1700 2673 Loyola.»
1719 2625 1832 2662 Edita
1848 2623 1921 2662 fuit

313 2687 429 2723 etiam
459 2687 498 2723 in
527 2698 642 2734 opere
669 2687 870 2734 Epistolae
901 2687 1076 2729 Indicae,
1101 2687 1147 2722 de
1175 2687 1422 2734 stupendis...
1453 2686 1580 2722 rebus.
1608 2685 1790 2730 Lovanii,
1812 2683 1920 2729 1566,

313 2758 381 2794 pp.
419 2745 586 2791 160-1633
617 2745 744 2782 sedin
768 2758 813 2782 ea
836 2757 913 2782 non
930 2757 1051 2793 pauca
1073 2744 1354 2791 desiderantur,
1385 2750 1425 2781 et
1446 2745 1539 2781 nihil
1568 2743 1617 2780 de
1647 2749 1819 2791 tempore
1837 2742 1920 2790 ejus

313 2804 532 2852 scriptionis
549 2803 644 2840 dicit
663 2804 737 2840 nisi
760 2805 847 2852 hoe,
865 2809 905 2840 et
927 2804 1083 2852 quidem
1107 2816 1321 2852 perperam,
1350 2805 1467 2840 Anno
1484 2812 1588 2849 1553:
1609 2803 1652 2838 S.
1677 2802 1918 2845 Franciscus,

313 2869 355 2899 ut
373 2869 506 2899 notum
524 2867 599 2909 est,
614 2867 787 2899 mortuus
805 2868 867 2899 est
883 2874 984 2899 anno
1005 2870 1107 2908 1552.
1926 2907 1927 2910 Ἰ

379 2925 393 2945 ²
444 2922 607 2958 Videtur
635 2921 780 2958 rectius
813 2921 1020 2959 dicendum
1052 2933 1140 2957 cum
1173 2922 1220 2958 P.
1261 2921 1425 2958 Cutillas
1445 2920 1653 2968 Januario
1685 2931 1828 2962 mense,
1847 2929 1917 2968 pro

312 2981 546 3025 Februario;
564 2980 752 3029 siquidem
771 2992 896 3017 sermo
911 2987 970 3018 est
986 2980 1034 3017 de
1054 2980 1232 3029 epistola,
1249 2980 1312 3017 die
1330 2989 1376 3026 29
1392 2980 1564 3027 Januarii
1582 2979 1718 3017 Cocini
1734 2979 1837 3017 data.
