2148 3515
878 655 1171 712 LIBER
1236 653 1602 712 PRIMUS

878 908 932 954 (¹)
991 910 1489 982 HISTORIA

424 1050 515 1080 DEL
540 1049 780 1080 PRINCIPIO
805 1049 833 1080 Y
857 1050 1132 1080 PROGREsso
1155 1051 1217 1080 DE
1246 1051 1305 1080 LA
1336 1040 1579 1081 COMPANI'A
1608 1050 1670 1080 DE
1697 1040 1841 1090 JESL'JS
1871 1050 1932 1081 EN
1963 1051 2050 1082 LAs

652 1127 813 1158 INDIAS
837 1127 1137 1158 oRissNTALEs
1159 1127 1381 1159 DIUIDIDA
1405 1128 1466 1158 EN
1489 1127 1580 1158 Dos
1604 1127 1787 1159 PARTES
1816 1115 1825 1135 ¹

897 1258 1261 1302 PRIMERA
1310 1258 1578 1302 PARTE

512 1414 619 1457 Esta
640 1412 826 1456 historia
847 1413 991 1457 delas
1018 1427 1147 1457 60535
1169 1427 1258 1470 (1116
1285 1419 1472 1458 nuestro
1501 1414 1648 1458 Sefior
1676 1413 1752 1457 fue
1780 1412 1963 1457 seruido
1996 1413 2053 1456 de

422 1491 554 1533 obrar
586 1506 643 1534 en
673 1496 881 1533 nuestros
911 1489 1101 1547 tiempos
1129 1505 1185 1534 en
1213 1491 1279 1534 las
1307 1490 1456 1534 Indias
1485 1489 1764 1544 Orientales,
1797 1505 1878 1546 por
1905 1489 2054 1535 medio

420 1567 476 1611 de
499 1582 576 1610 sus
597 1567 805 1610 minimos
826 1567 1000 1611 Sieruos
1020 1583 1050 1623 y
1065 1567 1181 1623 hijos
1203 1569 1260 1612 de
1282 1569 1339 1612 V.
1368 1570 1440 1621 P.,
1466 1568 1534 1611 105
1559 1568 1728 1611 Padres
1748 1583 1779 1624 y
1796 1569 2053 1612 Hermanos

419 1646 476 1689 de
505 1646 547 1688 13
575 1646 825 1701 Compafiia
853 1646 910 1690 de
932 1647 1082 1703 165115,
1114 1645 1364 1690 determine
1392 1646 1449 1690 de
1486 1645 1706 1698 eserebir,
1737 1651 1866 1690 entre
1904 1651 2052 1688 tantas

417 1722 731 1778 oeupaciones,
757 1737 837 1779 por
860 1729 950 1766 tres
972 1737 1172 1767 13501165.
1200 1724 1264 1767 La
1291 1725 1348 1766 Ι.ει
1371 1738 1435 1776 65,
1462 1737 1652 1779 porque,
1677 1737 1806 1766 como
1828 1723 1895 1766 105
1919 1721 2050 1765 viuos

416 1799 644 1855 exemplos
666 1800 722 1842 de
744 1800 811 1842 105
832 1800 1046 1855 passados
1068 1813 1265 1844 mueuen
1289 1802 1454 1843 mueho
1477 1804 1503 1843 a
1524 1801 1592 1843 105
1614 1814 1703 1857 (1116
1725 1800 1920 1856 despues
1943 1813 2048 1843 5116-

416 1877 574 1929 Ceden,
601 1875 947 1933 especialmente
968 1877 1149 1932 quando
1167 1876 1326 1921 fueron
1340 1877 1470 1921 todos
1487 1878 1544 1922 de
1559 1892 1649 1921 vna
1665 1890 1835 1921 mesma
1857 1876 2048 1933 religic'm

415 1969 444 2010 y
466 1953 733 2010 profession,
759 1968 830 1996 me
850 1957 1028 2010 parecia
1050 1968 1137 2009 que
1159 1953 1375 1997 animarIa
1397 1956 1562 1998 mucho
1584 1958 1610 1998 3
1641 1955 1709 1998 105
1736 1961 1947 1999 nuestros
1974 1969 2047 1998 53-

415 2031 495 2074 ber
517 2031 584 2073 105
607 2031 835 2086 exemplos
857 2031 914 2075 de
935 2030 1102 2084 birtud,
1129 2045 1216 2087 que
1237 2031 1398 2075 dieron
1419 2032 1487 2075 105
1509 2031 1726 2088 primeros
1750 2032 1935 2084 Padres,
1960 2045 2049 2087 que

414 2121 609 2162 pasaron
632 2111 657 2150 a
678 2114 797 2150 estas
819 2114 984 2163 partes.
1011 2108 1076 2151 La
1099 2110 1161 2150 2.‘¹
1184 2108 1282 2162 fue,
1307 2123 1500 2164 porque,
1525 2123 1654 2151 como
1682 2108 1924 2153 deleitasse
1945 2123 2047 2152 mu—

415 2185 500 2227 eho
523 2188 549 2227 a
570 2185 637 2227 105
659 2185 715 2227 de
738 2185 917 2241 Europa
945 2185 988 2227 la
1009 2185 1181 2228 lectura
1202 2186 1259 2229 (16
1286 2186 1352 2228 135
1374 2200 1503 2229 60535
1525 2186 1598 2229 (161
1621 2185 1833 2240 Oriente,
1859 2186 2049 2243 algunos

413 2261 605 2304 deuotos
627 2262 684 2306 de
705 2261 748 2304 13
770 2262 1019 2317 Compafiia
1041 2262 1201 2305 fueron
1224 2269 1301 2306 tan
1323 2263 1583 2307 (1655605505
1606 2263 1746 2307 delas
1762 2264 1899 2308 hazer
1915 2263 2048 2307 saber

414 2342 439 2380 3
462 2338 610 2393 todos‚
636 2353 740 2394 que,
766 2341 853 2381 assi
876 2353 1007 2382 como
1028 2339 1240 2396 llegauan
1261 2339 1328 2383 135
1351 2347 1497 2383 cartas
1518 2340 1574 2384 de
1595 2340 1664 2384 105
1687 2341 1857 2384 Padres
1879 2355 1907 2397 y
1925 2340 2036 2384 Her—

412 2429 584 2468 manos,
612 2429 699 2470 que
722 2422 911 2458 estauan
932 2430 990 2459 en
1011 2416 1054 2459 13
1075 2415 1222 2469 India,
1248 2417 1314 2460 135
1341 2418 1503 2461 hazian
1533 2418 1750 2461 trasladar
1776 2433 1806 2474 y
1827 2416 2044 2474 imprimir

411 2506 468 2536 en
489 2491 692 2536 diuersas
714 2499 876 2548 partes.
906 2494 945 2535 Y
969 2507 1098 2537 como
1125 2494 1192 2536 135
1220 2501 1366 2538 cartas
1394 2508 1502 2538 eran
1530 2495 1588 2540 de
1615 2496 1828 2549 muchos,
1862 2485 1950 2550 (1116
1978 2494 2044 2538 135

412 2568 690 2613 eseriuieron
713 2570 769 2614 de
790 2569 995 2613 diuersos
1016 2570 1215 2626 lugareS,
1241 2577 1368 2615 entre
1390 2574 1427 2614 si
1445 2571 1681 2625 distantes,
1706 2587 1736 2628 y
1758 2572 1814 2616 de
1836 2570 2042 2628 qualida-

409 2646 488 2689 des
510 2661 618 2702 muy
640 2646 899 2699 diferentes,
926 2660 1056 2690 como
1079 2661 1135 2702 ay
1157 2662 1214 2691 en
1236 2648 1413 2703 aquella
1436 2654 1513 2692 tan
1535 2649 1709 2705 grande
1732 2647 1991 2702 Prouincia3
2012 2662 2041 2704 y

412 2737 472 2766 no
495 2737 544 2767 56
567 2722 841 2768 esoriuieron
865 2738 972 2780 para
994 2738 1042 2767 56
1064 2722 1296 2780 imprimit,
1321 2723 1368 2768 ni
1389 2739 1439 2770 56
1460 2724 1765 2782 imprimieron
1789 2724 2043 2770 ordenada-

484 2867 494 2886 ¹
546 2865 645 2901 Cum
663 2876 732 2912 per
751 2870 871 2901 totam
890 2865 988 2900 hanc
1006 2865 1047 2901 S.
1069 2865 1266 2901 Francisei
1291 2865 1559 2913 biographiam
1583 2866 1721 2903 eadem
1746 2865 1903 2903 nomina
1926 2876 2044 2902 anno·

409 2924 557 2959 tatione
576 2924 693 2970 digna
711 2936 755 2960 36
774 2925 813 2960 in
832 2924 916 2970 ejus
935 2924 1090 2971 scriptis
1108 2924 1372 2972 reperiantur,
1399 2926 1438 2961 in
1462 2927 1521 2962 his
1546 2932 1589 2962 ut
1612 2926 1652 2962 in
1676 2926 1845 2973 digniori
1869 2927 1954 2962 loco
1980 2937 2041 2971 ea,

408 2982 500 3018 licet
519 2983 705 3029 breviter,
725 2983 1010 3019 adnotabimus,
1037 2985 1096 3019 De
1121 2996 1213 3019 vero
1237 2984 1351 3031 hujus
1376 2985 1480 3021 vitae
1505 2991 1663 3022 auctore
1687 2986 1778 3022 vide
1801 2997 1899 3034 quae
1924 2996 2040 3032 supra
2106 2976 2117 3003 ’ἶ

407 3041 576 3078 diximus
596 3042 634 3078 in
652 3042 916 3089 descriptione
940 3043 1054 3090 hujus
1072 3043 1233 3090 codicis,
1259 3043 1325 3091 qui
1349 3044 1483 3080 ordine
1508 3057 1632 3082 nonus
1657 3050 1731 3082 est.
1757 3046 1873 3082 Manu
1903 3043 2038 3091 scripti

406 3102 570 3147 paginae
589 3102 742 3150 proprio
761 3104 844 3138 loco
862 3102 1094 3139 crasioribus
1113 3102 1284 3139 numeris
1303 3103 1533 3140 indicantur.
