2018 3510
0 1311 27 1410 i

671 220 807 254 EPJST.
829 219 985 254 81.-22
1011 221 1122 266 JUNn
1154 229 1243 266 1549
1660 224 1723 268 531

925 458 995 498 81

528 549 721 593 SOCIIS
755 550 975 592 ROMAE
1007 550 1402 594 DEGENTIBUS

669 657 840 698 Malaca
866 667 918 697 22
937 655 1062 712 Junii
1091 666 1200 713 1549
1228 658 1255 698 ¹.

152 766 264 812 Quid
274 765 451 811 Japones
470 763 664 809 neophyti,
685 763 844 797 comites
862 763 927 797 sui
947 763 1106 797 itineris
1124 764 1167 797 in
1177 763 1420 809 saponiam,
1437 765 1484 799 de
1512 763 1666 800 Christi
1689 767 1788 801 Pas-

221 825 328 860 sione
347 826 383 858 et
401 824 447 857 (le
471 822 736 857 sacramentis
764 821 1035 868 Confessionis
1059 825 1096 857 et
1121 822 1403 858 Eucharistiae
1427 825 1789 861 sentiant.—Litte-

223 895 291 919 ras
325 883 597 917 lusitanorum
638 884 910 916 mercatorum
947 893 965 916 e
997 881 1181 928 Japonia
1222 883 1380 929 accipit,
1416 883 1557 928 quibus
1582 884 1790 920 indicatur

222 942 375 989 optima
393 940 599 986 dispositio
618 939 830 985 cujusdcmz
851 940 1055 986 principis
1073 940 1156 974 viri
1181 941 1235 975 ad
1246 940 1371 987 fidem
1399 942 1790 988 amplectendam.—

227 1002 444 1036 Lemztrmn
465 999 797 1034 terriculamenta
822 999 864 1033 iaz
883 998 1081 1045 Japonia‚
1108 999 1225 1046 signo
1255 1001 1399 1046 crucis,
1425 1002 1596 1036 diversis
1626 1003 1668 1037 in
1696 1003 1791 1039 locis

216 1061 360 1107 posito,
387 1056 803 1105 disparuisse—Cum
830 1058 873 1092 in
891 1069 965 1092 sna
982 1058 1207 1104 saponiam
1235 1059 1633 1106 versusprofectione
1651 1063 1791 1097 volun-

226 1121 346 1153 tatem
365 1118 549 1152 divinam
571 1117 668 1151 satis
682 1119 932 1163 perspectam
951 1117 1106 1159 habeat,
1127 1129 1261 1152 omnes
1278 1130 1303 1152 a
1320 1130 1359 1153 se
1378 1119 1541 1154 timores
1560 1122 1644 1154 tam
1663 1122 1791 1156 maris

225 1189 346 1223 quam
379 1177 586 1211 latronum
618 1176 795 1222 depellit,
824 1179 990 1222 praeter
1017 1177 1201 1211 timorem
1222 1177 1354 1212 Deum
1374 1177 1792 1223 offendendi.—Bon—

225 1238 380 1272 ziorzmz
398 1237 442 1271 in
460 1235 652 1270 coenobiis
670 1236 872 1270 conciones
890 1238 926 1270 et
945 1236 1252 1270 meditationmn
1273 1241 1532 1284 argumenta.

253 1333 290 1363 Ι.
356 1318 525 1374 Scripsi
549 1319 604 1360 ad
622 1318 932 1375 vosJanuario
950 1333 1107 1361 mense
1124 1319 1229 1361 anni
1248 1319 1506 1375 superioris,
1527 1336 1661 1377 quam
1681 1322 1793 1367 ube—

158 1412 229 1442 res
252 1396 504 1440 animarum
537 1396 712 1438 fructus
735 1411 789 1439 ex
812 1395 882 1437 his
905 1395 1015 1438 locis
1037 1395 1359 1452 percipiantur,
1387 1405 1701 1454 quantumque
1722 1401 1795 1442 vel

159 1475 204 1518 in
227 1473 562 1524 Lusitanorum,
587 1473 659 1515 vel
683 1472 727 1514 in
754 1472 1050 1515 Ethnicorum
1074 1473 1249 1529 oppidis
1273 1482 1551 1531 propagetur
1572 1476 1795 1520 Christia-

161 1567 218 1595 na
240 1549 414 1606 religio,
441 1549 652 1604 idemque
675 1556 882 1592 coeteros
906 1549 1069 1602 socios,
1096 1549 1172 1606 qui
1195 1549 1241 1592 in
1263 1550 1388 1594 hisce
1410 1551 1520 1595 locis
1537 1560 1793 1606 versantur,

162 1643 240 1686 pro
257 1642 340 1671 sua
355 1641 581 1682 quemque
600 1634 725 1682 parte
746 1627 971 1668 facturum
990 1626 1195 1670 arbitror.
1220 1629 1321 1684 Ego
1339 1642 1395 1671 ex
1420 1629 1545 1671 India
1557 1631 1796 1687 Japoniam

163 1719 321 1750 versus
345 1703 489 1759 Aprili
513 1718 668 1747 mense
690 1702 892 1755 discessi,
920 1703 1162 1746 comitibus
1184 1705 1367 1748 duobus
1396 1721 1421 1748 e
1455 1705 1699 1759 Societate,
1733 1708 1798 1750 al—

166 1789 261 1826 tero
284 1781 545 1834 Sacerdote,
577 1779 842 1822 administro
869 1781 1026 1832 altero,
1059 1795 1111 1823 ac
1142 1788 1377 1837 praeterea
1400 1782 1652 1839 Japonibus
1680 1785 1799 1827 Neo-

167 1859 316 1915 phytis
339 1858 483 1901 tribus
504 1857 537 1909 ²,
565 1856 640 1913 qui
663 1864 764 1912 post
782 1857 905 1912 jacta
927 1857 1031 1900 fidei
1051 1858 1344 1901 fundamenta
1361 1858 1405 1900 in
1429 1859 1635 1915 Collegio
1653 1860 1698 1902 S.
1721 1861 1800 1902 Fi—

168 1936 250 1988 dei,
275 1934 624 1988 Christianaque
647 1933 861 1989 mysteria
884 1933 993 1976 satis
1015 1942 1244 1990 percepta,
1269 1934 1494 1990 baptismo
1516 1935 1599 1978 rite
1616 1936 1798 1992 expiati,

169 2014 468 2055 humanarum
497 2009 845 2065 divinarumque
869 2024 1018 2052 rerum
1042 2010 1413 2054 meditationibus
1435 2025 1612 2054 summo
1632 2013 1799 2066 studio,

168 2089 353 2145 parique
387 2089 538 2130 fructu
573 2101 818 2131 exercuere
850 2101 966 2130 sese.
1002 2088 1119 2130 Nam
1151 2087 1371 2143 singulari
1403 2088 1489 2131 Dei
1520 2089 1803 2145 benignitate

170 2166 282 2208 adeo
304 2166 361 2208 ad
385 2164 593 2208 coelestis
616 2178 725 2220 erga
748 2178 795 2207 se
818 2163 1041 2220 largitatis
1064 2163 1371 2220 cognitionem
1394 2164 1593 2217 excitati,
1614 2165 1804 2209 divinis-

172 2256 259 2297 que
279 2241 525 2285 virtutibus
547 2241 766 2284 cumulati
784 2248 907 2293 sunt,
930 2248 979 2283 ut
996 2240 1157 2285 merito
1174 2255 1257 2283 nos
1274 2255 1431 2284 omnes
1449 2248 1530 2293 tot,
1552 2249 1806 2286 tantorum-

173 2333 260 2375 que
281 2320 520 2370 bonorum,
546 2332 663 2373 quae
685 2319 811 2361 Deus
833 2317 879 2360 in
902 2317 1002 2361 illos
1023 2318 1172 2374 plena,
1193 2324 1244 2359 ut
1261 2317 1441 2371 dicitur,
1461 2319 1693 2375 congessit
1710 2334 1806 2363 ma—

176 2410 254 2448 nu,
280 2395 522 2452 participes
550 2408 649 2437 esse
682 2394 934 2450 cupiamus.
973 2396 1029 2437 Et
1062 2394 1276 2449 quoniam
1310 2395 1431 2451 apud
1463 2409 1546 2438 nos
1578 2396 1732 2452 legere
1763 2404 1808 2440 et

176 2472 370 2517 scribere
407 2471 678 2523 didicerunt,
720 2471 1002 2527 precationes
1040 2486 1096 2515 ex
1128 2470 1294 2527 scripto
1332 2472 1524 2515 recitant
1560 2487 1669 2516 sane
1706 2474 1809 2517 dili-

176 2556 349 2605 genter.

245 2727 256 2748 ¹
305 2729 363 2762 Ex
380 2728 614 2771 TURSELL.,
634 2727 701 2762 lib.
724 2727 793 2770 ΙΙΙ,
815 2738 880 2772 ep.
906 2725 1102 2770 4.-—Vide
1122 2724 1318 2771 CUTILL.,
1343 2737 1445 2761 anno
1474 2736 1578 2773 1549,
1606 2739 1670 2775 ep.
1704 2737 1725 2773 7
1750 2729 1812 2772 (18

166 2786 309 2831 vJunii):
330 2788 511 2832 MAFFEI,
530 2785 602 2822 lib.
627 2787 658 2829 I;
678 2785 760 2820 fere
781 2791 931 2820 tantum
956 2785 1047 2821 stilo
1069 2783 1204 2819 differt
1228 2785 1325 2820 haec
1348 2798 1367 2821 a
1394 2786 1606 2836 Tursellini
1631 2787 1810 2834 epistola:

178 2845 371 2893 Manen„
390 2846 463 2881 lib.
487 2846 558 2891 ΙΙΙ,
579 2857 644 2893 ep.
673 2854 733 2880 12.

247 2908 261 2927 ἓ
310 2906 354 2941 Ρ.
375 2905 538 2941 Cosmas
556 2905 604 2940 de
628 2905 786 2951 Torres,
806 2906 867 2940 Fr.
901 2905 1072 2951 Joannes
1092 2904 1319 2940 Fernandez
1349 2910 1390 2941 et
1420 2905 1565 2942 Paulus
1590 2906 1639 2942 de
1670 2907 1815 2943 Sancta

181 2962 274 2999 Fide
291 2976 379 3000 cum
398 2964 550 3000 duobus
567 2964 738 3010 famulis,
760 2965 908 3010 Joanne
923 2969 962 2999 et
977 2963 1163 2999 Antonio.
1181 2962 1281 2999 Vide
1300 2969 1436 3001 annot.
1462 2972 1566 3001 mam
1580 2965 1800 3012 praeceden

169 3021 234 3057 ¹tis
252 3023 453 3070 epistolae.
