2018 3510
275 229 345 277 392
768 231 1041 267 MONUMENTA
1067 231 1318 267 XAVERIANA

225 330 402 387 gentios
424 335 510 374 nao
531 335 609 375 sao
631 332 906 376 necessarias
929 332 1079 384 letras,
1106 337 1242 376 senao
1259 347 1348 387 que
1372 334 1547 375 uenhao
1569 338 1724 387 muyto
1745 332 1849 375 bem

225 407 507 452 exercitados
539 416 572 451 Ζ.

313 484 396 528 Asi
418 499 545 529 cesso
567 486 768 542 rogando
791 502 816 529 a
833 499 971 528 nosso
990 486 1167 529 Senhor
1184 500 1272 541 que
1289 500 1371 528 nos
1388 486 1472 529 dee
1482 501 1514 537 ‚a
1531 484 1671 528 sentir
1687 485 1848 528 dentro

225 575 296 604 em
318 575 475 604 nossas
498 562 636 606 almas
658 577 740 605 sua
762 561 1015 604 santissima
1039 562 1249 615 uontade‚
1275 576 1300 605 e
1324 562 1469 617 forcas
1490 575 1597 618 pera
1614 576 1640 604 a
1655 559 1849 617 comprir

225 653 251 681 e
272 638 398 693 pol-a
420 653 491 682 em
514 639 638 682 obra.

312 716 382 759 De
404 715 578 758 Malaca
600 731 625 758 a
654 728 704 758 10
726 715 782 758 de
804 715 1063 758 Nouembro
1085 715 1141 758 de
1169 725 1294 770 1545.

560 793 719 834 Vester.
732 792 953 833 minimus
967 792 1130 849 frater
1152 794 1192 834 et
1213 805 1391 844 seruus,

1270 946 1586 989 FRAchchs.

316 1022 576 1083 Inscripti&
625 1023 772 1064 Outra
821 1022 878 1064 do
922 1023 975 1064 P.
990 1033 1011 1056 e
1055 1024 1090 1064 F
1095 1021 1296 1064 rancisco
1338 1037 1364 1064 a
1412 1034 1462 1064 10
1499 1022 1555 1065 de
1592 1020 1854 1064 Nouembro

227 1099 283 1141 de
312 1108 438 1152 1545,
465 1113 553 1153 que
576 1112 792 1142 escreueo
815 1099 872 1141 de
895 1099 1082 1142 Malaca.
1117 1100 1234 1146 Pera
1259 1113 1285 1141 o
1316 1100 1402 1141 Re
1432 1100 1627 1141 Maestre
1655 1095 1807 1141 Simao
1835 1102 1856 1123 ²

226 1175 284 1218 da
308 1175 506 1232 {Comp.a
541 1176 596 1219 (16
618 1177 764 1232 Jesus.

1002 1391 1079 1433 54

503 1495 699 1539 SOCIIS
732 1497 793 1539 IN
832 1496 1168 1540 LUSITANIA
1199 1495 1592 1539 DEGENTIBUS

679 1603 852 1646 Malaca
879 1616 930 1647 10
953 1601 1224 1647 Novembris
1253 1612 1361 1657 1545
1389 1603 1417 1644 ¹.

322 1713 480 1756 Gratia
502 1720 547 1757 et
568 1714 763 1757 charitas
785 1716 843 1758 D.
869 1716 922 1758 N.
942 1717 1053 1773 Jesu
1076 1714 1260 1767 Christi,
1285 1721 1373 1758 etc.

328 1802 364 1833 Ι.
431 1790 600 1846 Scripsi
623 1792 679 1834 ad
700 1806 798 1845 vos,
824 1792 985 1836 fratres
1008 1791 1275 1845 charissimi,
1300 1806 1356 1834 ex
1377 1790 1503 1834 India
1527 1790 1696 1833 iturum
1717 1804 1789 1833 me
1806 1788 1862 1832 ad

235 1867 508 1920 Macazares,
535 1868 613 1910 ubi
633 1883 778 1924 nuper
801 1868 1069 1912 Christianis
1092 1868 1230 1911 sacris
1253 1867 1416 1911 initiati
1444 1873 1550 1911 sunt
1578 1869 1729 1924 Reges
1757 1868 1861 1910 duo.

237 1944 304 1985 Ex
320 1941 482 2008 itinere
498 1945 554 1987 ad
570 1944 784 2001 oppidum
802 1946 850 1990 S.
872 1946 1074 1988 Thomae
1092 1944 1184 2002 (ubi
1201 1959 1357 1988 omnes
1375 1950 1470 1987 tum
1487 1943 1746 1997 Christiani,
1767 1951 1863 1989 tum

236 2019 413 2063 barbari
439 2020 721 2064 Sanctissimi
757 2021 964 2078 Apostoli
1002 2023 1205 2066 Thomae
1239 2035 1402 2077 corpus
1437 2035 1538 2066 esse
1574 2021 1856 2078 confirmant)

244 2096 395 2151 appuli
419 2112 473 2140 eo
496 2097 704 2151 consilio,
731 2104 781 2141 ut
807 2097 914 2143 inde
936 2099 1156 2142 Malacam
1178 2112 1430 2154 pergerem.
1456 2097 1546 2140 Hic
1567 2097 1708 2154 igitur
1728 2112 1867 2155 expe-

242 2172 383 2215 ctanti
401 2173 509 2215 mihi
525 2174 828 2231 navigationis
846 2175 1244 2231 opportunitatem,
1262 2181 1486 2218 mercator
1497 2173 1678 2230 quidam
1691 2175 1729 2232 (J
1733 2174 1867 2219 oanni

241 2250 370 2292 Duro
391 2263 555 2293 nomen
578 2251 660 2308 est)
684 2251 836 2295 divino
864 2251 1105 2295 instinctus
1133 2253 1302 2304 afflatu,
1335 2265 1383 2294 se
1409 2250 1582 2294 socium
1609 2250 1796 2296 addidit.
1824 2251 1868 2294 Is

245 2339 422 2368 mecum
445 2341 537 2370 una
557 2327 653 2372 dies
676 2328 846 2383 aliquot
867 2335 1089 2381 versatus,
1115 2342 1219 2371 cum
1234 2328 1291 2370 de
1307 2328 1443 2370 rebus
1459 2326 1731 2372 coelestibus
1747 2342 1866 2370 non—

241 2402 363 2444 nulla
385 2403 691 2458 cognovisset,
723 2404 891 2449 sentire
919 2405 1070 2461 coepit
1100 2404 1209 2448 alias
1236 2404 1453 2459 quasdam
1481 2417 1653 2447 merces
1680 2403 1865 2460 reperiri

241 2503 258 2521 Ζ
285 2493 354 2529 sed
379 2496 498 2530 multa
522 2496 750 2532 exercitatio
774 2497 978 2543 virtutum,
997 2499 1204 2534 TURSELL.

312 2560 333 2580 a
364 2554 409 2588 In
427 2554 498 2588 ΕΖ).
520 2565 595 2590 non
611 2555 752 2591 dieitur
769 2556 833 2592 cui
850 2557 969 2592 missa
986 2557 1104 2593 fuerit
1122 2557 1303 2603 epistola.

318 2675 328 2695 ¹
378 2673 436 2708 Ex
461 2674 673 2709 TURSELL.
702 2674 775 2709 lib.
795 2675 825 2719 I,
841 2687 906 2722 ep.
930 2674 1146 2711 13.—Vide
1163 2676 1351 2721 MENCH.‚
1366 2674 1435 2710 lib.
1454 2674 1506 2721 II,
1525 2685 1591 2721 ep.
1613 2681 1649 2719 7:
1670 2673 1868 2721 CUTILL.,

241 2743 345 2767 anno
366 2739 469 2777 1545,
490 2743 555 2778 ep.
579 2732 600 2767 8
619 2734 678 2777 (15
697 2733 926 2779 Deeemb.).

315 2791 375 2826 De
393 2791 464 2825 hac
482 2790 660 2837 epistola,
679 2804 778 2838 quae
796 2792 890 2828 nihil
909 2793 1014 2828 aliud
1031 2793 1187 2829 videtur
1209 2805 1326 2840 quam
1349 2792 1560 2841 superioris
1582 2791 1866 2839 compendium,

245 2849 334 2884 vide
351 2861 451 2896 quae
468 2849 555 2885 fuse
573 2850 729 2896 scripsit
746 2851 990 2887 MENCHACA
1008 2852 1047 2887 in
1066 2853 1313 2900 Prolegom„
1333 2864 1403 2900 pp.
1430 2852 1558 2888 XCIX
1582 2857 1621 2887 et
1644 2850 1694 2886 C.
1725 2852 1770 2886 In
1792 2850 1871 2897 epi-

244 2909 345 2945 stola
362 2909 487 2944 Patris
512 2909 700 2955 Filipucci
724 2910 772 2945 ad
791 2911 839 2945 P.
868 2911 1074 2946 Possinum
1093 2911 1224 2957 missa,
1248 2923 1364 2959 quam
1390 2911 1552 2947 inferius
1581 2909 1775 2956 dabimus,
1805 2921 1870 2945 ex-

245 2968 390 3014 pressis
420 2968 552 3003 verbis
581 2969 768 3004 asseritur
797 2970 923 3004 varias
953 2970 1164 3005 Tursellini
1193 2970 1376 3017 epistolas
1406 2969 1672 3016 originalium,
1702 2980 1801 3016 quae
1829 2968 1869 3004 in

245 3028 383 3063 Goano
406 3027 563 3062 archivo
580 3029 850 3074 servabantur,
875 3028 1145 3075 compendium
1164 3040 1270 3065 esse.
