2148 3515
774 300 1026 335 PROOEMIUM
1631 307 1669 332 1x

91 404 281 457 tinetur‚
327 403 373 446 in
412 409 501 446 tres
544 401 684 444 libros
721 400 1024 457 dispertimus.
1067 402 1116 443 In
1159 400 1303 456 primo
1341 399 1719 455 compendiariam

90 482 139 526 S.
166 479 393 524 Francisci
423 479 582 532 vitam,
613 477 965 534 manuscriptam
997 484 1042 521 et
1072 477 1303 530 ineditam,
1330 476 1552 529 dabimus3
1594 476 1723 530 cujus

91 565 325 602 auctorem
348 565 392 601 et
415 556 500 600 alia
523 557 579 600 de
601 557 688 598 hoc
711 555 1017 611 manuscripto
1040 554 1158 598 scitu
1181 554 1337 610 digna,
1359 553 1547 598 inferius
1570 552 1616 594 in
1644 553 1715 596 de-

93 635 336 692 scriptione
359 634 566 677 codicum
589 633 903 677 indicabimus.

181 712 420 757 Secundus
442 711 555 755 liber
577 711 792 767 epistolas
814 710 969 754 stricte
991 710 1135 753 dictas
1158 710 1498 765 complectetur,
1525 714 1569 751 et
1593 707 1637 749 in
1661 707 1724 751 eis

91 789 278 834 edendis
295 791 377 833 has
394 788 674 832 servabimus
692 788 888 844 regulas.
912 788 1029 831 Cum
1047 787 1177 830 nobis
1194 793 1373 844 praesto
1391 785 1482 829 sint
1503 785 1723 840 exempla,

92 883 147 912 ex
175 867 284 923 ipsis
311 865 606 922 autographis
628 865 868 922 exscripta,
900 865 1085 909 haec-in
1110 865 1259 908 lucem
1288 864 1491 916 edemus,
1527 869 1727 919 praeter-

91 944 238 988 missis
255 943 444 987 diversis
467 942 753 996 lectionibus,
779 957 896 998 quae
919 943 1035 987 forte
1063 942 1109 985 in
1132 941 1322 985 diversis
1350 939 1624 997 apographis
1656 955 1727 983 re-

90 1021 337 1079 periantur:
352 1022 464 1064 haec
483 1027 632 1064 tamen
651 1021 927 1076 apographa,
949 1019 1188 1076 praecipue
1206 1019 1242 1063 si
1260 1017 1565 1074 manuscripta
1581 1031 1728 1061 asser—

94 1105 260 1144 ventur
278 1105 323 1143 et
345 1097 530 1152 inedita,
557 1097 740 1142 ubinam
764 1097 1047 1154 reperiantur
1070 1096 1385 1140 indicabimus.

184 1175 233 1221 Si
254 1190 363 1219 vero
387 1182 561 1218 tantum
585 1175 805 1231 exempla,
832 1188 887 1217 ex
910 1174 1182 1231 apographis
1206 1174 1460 1229 desumpta,
1482 1172 1612 1215 nobis
1630 1172 1729 1215 fue-

95 1253 200 1306 rint,
226 1253 337 1296 illud
354 1253 610 1309 exemplum
633 1251 857 1306 dabimus,
883 1252 1004 1307 quod
1022 1251 1251 1307 antiquius
1268 1257 1313 1294 et
1330 1249 1512 1306 majoris
1529 1249 1729 1293 auctori—

95 1330 200 1374 tatis
217 1330 439 1383 videatur;
458 1329 503 1372 in
519 1329 890 1372 annotationibus
906 1335 1059 1373 autem
1079 1328 1280 1372 diversas
1294 1327 1512 1371 lectiones
1529 1326 1729 1370 omnium

95 1409 457 1465 apographorum
480 1406 789 1463 subjiciemus3
816 1421 900 1452 nec
922 1421 1031 1450 vero
1060 1420 1246 1450 necesse
1274 1412 1344 1450 est
1373 1412 1422 1449 ut
1444 1419 1606 1449 sensus
1628 1419 1728 1447 mu-

95 1492 231 1540 tetur,
256 1484 422 1528 sufficit
445 1484 562 1529 enim
587 1484 917 1540 cujuscumque
939 1483 1067 1529 verbi
1089 1483 1297 1536 mutatio,
1326 1489 1375 1526 ut
1397 1497 1497 1527 eam
1519 1488 1730 1526 accurate

94 1570 318 1606 notemus
345 1563 446 1606 Hac
470 1569 619 1605 tamen
642 1561 885 1604 verborum
903 1561 1154 1605 mutatione
1172 1575 1263 1604 non
1280 1560 1730 1617 comprehenduntur

92 1640 344 1683 litterarum
366 1640 439 1684 vel
461 1639 696 1696 signorum
720 1639 1176 1696 orthographicorum
1201 1637 1458 1692 varietates,
1485 1652 1601 1693 quae
1629 1636 1730 1693 qui—

94 1718 196 1762 dem
218 1732 324 1761 vere
340 1717 529 1760 verbum
552 1732 644 1773 non
666 1724 860 1770 mutant,
893 1724 942 1760 ut
971 1716 1008 1760 si
1030 1716 1077 1760 in
1105 1717 1300 1772 quodam
1329 1715 1535 1772 exemplo
1563 1713 1731 1770 legitur

96 1795 240 1848 vivus,
263 1793 309 1837 in
331 1793 419 1838 alio
438 1795 586 1846 vimi&
609 1801 654 1839 et
676 1794 742 1838 sic
764 1795 821 1839 de
844 1794 942 1837 aliis
971 1793 1208 1838 similibus.

185 1873 303 1916 Cum
327 1886 436 1915 vero
460 1880 550 1915 tam
574 1871 770 1929 exiguus
793 1879 917 1917 extet
938 1871 1160 1915 editarum
1182 1871 1474 1928 epistolarum
1497 1884 1728 1922 numerus,

97 1964 287 2006 quarum
310 1964 393 1993 nec
416 1951 768 2006 autographum,
795 1964 879 1993 nec
915 1951 1227 2006 apographum
1258 1947 1621 2005 antiquissimum
1650 1949 1730 1990 ha-

95 2028 298 2080 beamus,
325 2042 382 2070 ne
405 2027 611 2071 collectio
644 2034 798 2070 nostra
830 2027 1095 2084 imperfecta
1127 2026 1436 2082 relinquatur,
1471 2025 1733 2081 hujusmodi

95 2104 308 2161 epistolas
334 2104 474 2149 latine
495 2105 719 2159 dabimus,
745 2112 879 2161 prout
896 2106 1016 2162 apud
1040 2104 1370 2157 Tursellinum,
1394 2103 1639 2147 Possinum
1661 2104 1733 2146 vel

99 2183 393 2227 Menchacam
422 2182 723 2239 reperiuntur.

187 2259 391 2303 Tandem
420 2259 466 2302 in
495 2265 590 2302 toto
618 2260 732 2303 libro
754 2259 1130 2316 chronologicum
1153 2259 1357 2303 ordinem
1380 2272 1640 2314 sequemur.

186 2338 237 2380 In
261 2336 443 2380 tertium
465 2337 629 2380 librum
651 2351 705 2381 ea
727 2339 773 2382 S.
798 2337 1026 2381 Francisci
1050 2337 1232 2394 scripta,
1253 2351 1370 2392 quae
1387 2351 1477 2379 non
1508 2342 1615 2378 sunt
1637 2335 1733 2392 epi-

101 2414 258 2468 stolae,
290 2414 543 2468 retulimus,
575 2429 667 2458 non
695 2414 840 2459 secuti
876 2415 1133 2471 exemplum
1164 2413 1358 2466 Possini,
1390 2415 1667 2458 Menchacae
1689 2420 1733 2456 et

100 2490 304 2545 aliorum,
336 2491 413 2548 qui
447 2492 597 2535 omnia
629 2492 784 2545 simul,
811 2492 969 2537 ordine
991 2491 1313 2548 chronologico
1337 2498 1512 2536 tantum
1535 2497 1730 2543 servato,

105 2568 363 2613 ediderunt.

193 2646 243 2688 In
280 2647 481 2689 secunda
517 2650 644 2703 parte
680 2646 854 2702 reliqua
891 2647 1164 2690 documenta
1197 2646 1479 2699 exhibemus,
1515 2660 1630 2702 quae
1661 2646 1735 2688 vel

101 2723 157 2766 ad
179 2724 227 2767 S.
253 2723 483 2767 Francisci
505 2723 644 2767 vitam
667 2724 995 2776 illustrandam,
1022 2725 1092 2767 vel
1115 2725 1171 2767 ad
1199 2724 1297 2780 ejus
1319 2725 1470 2767 cultus
1497 2723 1728 2766 historiam

102 2801 482 2856 cognoscendam,
510 2802 580 2845 vel
602 2803 783 2844 demum
807 2801 893 2844 alia
915 2801 1073 2856 quavis
1095 2801 1268 2845 ratione
1286 2802 1342 2844 ad
1360 2801 1507 2857 ipsum
1525 2802 1730 2845 referun—

101 2882 188 2919 tur.
216 2878 336 2921 Inter
365 2878 450 2921 alia
483 2878 763 2934 reperientur
802 2879 994 2931 litterae,
1026 2878 1072 2920 in
1097 2879 1238 2921 forma
1262 2878 1492 2930 Brevium,
1519 2893 1630 2933 quas
1654 2893 1732 2922 rex

104 2952 364 3007 Lusitanus,
397 2955 572 2999 Summi
596 2955 831 2999 Pontificis
860 2955 1058 3008 nomine,
1091 2957 1139 3000 S.
1181 2955 1443 3008 Francisco,
1464 2955 1648 3011 jamjam
1688 2954 1731 2996 in

106 3028 275 3072 Indiam
313 3046 474 3075 navem
512 3046 834 3085 conscensuro,
876 3032 1075 3076 tradidit:
1102 3039 1309 3089 patentes
1341 3032 1533 3085 litterae,
1569 3031 1733 3086 quibus

110 3104 156 3148 S.
192 3106 395 3163 Ignatius
433 3108 679 3152 Xaverium
705 3109 1017 3167 Praepositum
1043 3109 1370 3155 Provincialem
1394 3108 1546 3154 Indiae
1564 3107 1733 3153 consti-
