2049 3360
773 183 940 217 DOCUM.
972 182 1035 225 165
1592 180 1656 225 931

840 398 953 438 165

552 501 599 544 S.
628 502 950 544 FRANCISCI
974 502 1229 544 XAVERII

435 621 495 650 AD
519 621 735 658 QUINQUE
760 621 980 651 VULNERA
1010 621 1125 660 JESU
1152 621 1345 650 CHRISTI

783 714 942 756 Oratio
969 715 995 755 ¹.

162 820 357 864 Domine
373 822 481 877 Jesu
505 819 701 872 Christe,
728 819 773 862 in
795 820 927 875 cujus
949 819 1118 863 ditione
1146 825 1311 862 cuncta
1343 825 1449 861 sunt
1471 817 1631 874 posita,
1657 825 1702 862 et

73 913 164 941 non
187 904 255 942 est
276 897 352 952 qui
375 896 514 953 possit
537 896 743 941 resistere
766 896 987 939 voluntati
1010 903 1129 939 tuae:
1150 895 1227 951 qui
1251 895 1467 952 dignatus
1486 910 1533 939 es
1555 895 1696 947 nasci,

73 974 202 1027 mori,
223 982 267 1018 et
289 989 541 1030 resurgere:
572 988 651 1029 per
674 973 937 1029 mysterium
974 972 1273 1017 Sacratissimi
1308 972 1518 1028 Corporis
1548 971 1628 1024 tui,
1656 978 1700 1015 et

75 1067 153 1109 per
195 1051 395 1107 quinque
423 1052 626 1103 vulnera,
663 1057 707 1094 et
736 1051 1000 1093 effusionem
1029 1049 1340 1106 pretiosissimi
1369 1048 1605 1105 sanguinis
1634 1049 1698 1090 tui

75 1130 285 1174 miserere
308 1128 453 1181 nobis,
480 1128 597 1171 sicut
621 1135 668 1170 tu
693 1128 781 1171 scis
803 1127 1106 1171 necessarium
1130 1142 1230 1170 esse
1253 1126 1504 1178 animabus,
1531 1132 1575 1170 et
1598 1140 1699 1168 cor-

75 1206 258 1263 poribus
291 1205 472 1258 nostris;
504 1205 643 1248 libera
675 1220 756 1247 nos
786 1220 811 1247 a
833 1204 996 1247 diaboli
1021 1203 1285 1255 tentatione,
1318 1210 1362 1247 et
1391 1205 1446 1245 ab
1470 1203 1694 1254 omnibus,

72 1284 237 1339 quibus
274 1298 356 1326 nos
393 1282 677 1339 angustiatos
714 1297 813 1326 esse
842 1281 1080 1338 cognoscis
1092 1295 1103 1334 3
1133 1296 1305 1336 nosque
1333 1281 1379 1322 in
1406 1280 1590 1324 servitio
1620 1287 1698 1322 tuo

72 1376 215 1416 usque
238 1360 283 1402 in
305 1361 441 1404 finem
463 1374 695 1413 conserva,
721 1366 857 1414 atque
880 1359 1134 1411 corrobora,
1161 1365 1205 1402 et
1232 1373 1385 1402 veram
1414 1357 1697 1401 emendatio—

71 1454 189 1490 nem,
215 1437 499 1494 spatiumque
522 1451 655 1480 verae
673 1435 973 1492 poenitentiae
991 1435 1120 1477 nobis
1144 1435 1305 1486 tribue,
1326 1442 1371 1477 et
1389 1433 1695 1477 remissionem

69 1515 271 1558 omnium
298 1522 584 1570 peccatorum
621 1519 721 1569 post
759 1512 947 1555 obitum:
989 1519 1034 1556 et
1071 1513 1141 1555 fac
1169 1526 1250 1554 nos
1280 1512 1461 1564 fratres,
1503 1525 1694 1563 sorores,

70 1592 252 1645 amicos,
278 1598 322 1635 et
344 1590 549 1633 inimicos
565 1590 758 1632 invicem
776 1588 978 1645 diligere,
1005 1595 1049 1632 et
1067 1603 1170 1631 cum
1188 1587 1398 1631 omnibus
1420 1587 1587 1630 sanctis
1606 1586 1696 1629 tuis

71 1669 117 1712 in
139 1683 281 1726 regno
304 1675 382 1711 tuo
410 1667 506 1710 sine
537 1668 627 1710 fine
665 1667 881 1723 gaudere,
909 1665 985 1721 qui
1023 1680 1126 1708 cum
1164 1667 1262 1708 Deo
1293 1667 1426 1707 Patre
1451 1671 1494 1708 et
1524 1663 1694 1719 Spiritu

72 1747 240 1791 Sancto
262 1745 377 1788 vivis
413 1752 458 1788 et
495 1759 660 1800 regnas
698 1746 823 1787 Deus
863 1759 941 1799 per
983 1742 1133 1785 omnia
1176 1742 1355 1786 saecula
1394 1742 1693 1784 saeculorum.

73 1825 237 1867 Amen.

830 2062 946 2101 16ss

472 2183 649 2212 AMORIS
673 2183 798 2212 ERGA
828 2183 960 2212 DEUM
990 2183 1232 2213 AFFECTUS
1261 2170 1289 2211 ¹.

154 2284 282 2326 Haec
304 2282 492 2339 cogitari
515 2282 648 2326 velim
671 2282 932 2338 praesertim
954 2283 1010 2325 ab
1033 2282 1087 2325 iis
1110 2282 1274 2337 quibus
1292 2296 1458 2337 anceps
1480 2282 1627 2324 adhuc
1651 2288 1696 2326 et

68 2359 301 2403 contrariis
323 2360 541 2403 alternata
564 2359 849 2403 successibus
866 2359 980 2402 sacri
993 2360 1208 2403 adversus
1226 2365 1462 2415 peccatum
1479 2358 1583 2401 belli
1603 2359 1692 2401 for--

141 2515 151 2535 ¹
203 2513 383 2558 GARCIA,
416 2513 531 2553 Vida,
547 2525 571 2558 y
598 2512 795 2559 milagros
819 2512 865 2546 de
885 2512 969 2546 San
1000 2512 1212 2546 Francisco
1241 2512 1455 2554 Xavier,...
1478 2511 1525 2546 ad
1549 2512 1695 2546 calcem

64 2572 182 2615 illius,
209 2572 249 2606 in
279 2571 406 2606 medio
436 2571 689 2617 Appendieis,
708 2571 770 2605 cui
790 2571 925 2605 titulus
958 2572 1152 2615 «Decena,
1180 2582 1201 2605 0
1227 2569 1417 2605 devocion
1448 2570 1496 2605 de
1525 2572 1583 2605 los
1608 2570 1694 2605 diez

64 2631 267 2666 Viernes.»
287 2631 345 2665 Ex
364 2630 500 2665 eodem
519 2629 626 2664 fonte
645 2629 877 2675 transcripta
895 2629 968 2664 fuit
987 2629 1088 2676 apud
1102 2630 1297 2674 MENCH.,
1318 2634 1349 2664 t.
1374 2630 1425 2675 ΙΙ,
1444 2641 1536 2676 pag.
1563 2638 1646 2674 505.

136 2693 146 2712 ¹
197 2691 255 2725 Ex
274 2690 445 2734 POSINO,
467 2689 537 2724 lib.
563 2689 614 2735 ΙΙ,
646 2689 684 2723 in
713 2689 839 2723 medio
870 2700 932 2735 ep.
964 2698 1000 2723 2.
1039 2688 1139 2723 Vide
1170 2688 1356 2730 MENCH.‚
1376 2688 1448 2724 lib.
1478 2689 1529 2734 ΙΙ,
1549 2700 1613 2735 ep.
1639 2697 1695 2734 ΙΙ,

61 2762 102 2784 n.
129 2749 186 2784 26.
219 2750 273 2785 Ut
299 2748 447 2794 legenti
477 2753 598 2794 patet,
631 2748 733 2782 idem
759 2754 819 2783 est
849 2753 1120 2793 argumentum
1151 2747 1293 2782 amoris
1324 2759 1368 2783 ac
1401 2748 1440 2783 in
1472 2748 1654 2794 rhythmo
1673 2759 1693 2782 a

61 2809 102 2844 P.
123 2808 264 2844 Garcia
283 2807 402 2853 edito,
423 2808 515 2843 licet
534 2808 647 2852 longe
667 2807 779 2842 aliter
795 2819 1022 2853 expressum
1037 2807 1101 2842 sit.

135 2867 325 2902 Audiatur
343 2867 541 2901 annotatio
570 2867 751 2910 POSSINI,
768 2866 807 2901 in
836 2867 965 2901 Indic.
1001 2866 1210 2913 exegetico‚
1238 2865 1286 2900 ad
1307 2877 1370 2912 ep.
1403 2866 1440 2900 II
1471 2865 1558 2901 libri
1584 2866 1619 2900 ΙΙ
1638 2866 1692 2909 (in

64 2931 193 2962 nostra
212 2926 397 2972 editione,
417 2938 486 2961 nn.
514 2935 593 2971 144,
612 2926 680 2970 164
694 2931 734 2961 et
755 2926 853 2970 165).
879 2927 986 2961 «Hoc
1005 2925 1190 2972 scriptum
1209 2930 1323 2971 prout
1340 2924 1403 2960 hic
1421 2925 1558 2960 Latine
1578 2937 1598 2960 e
1618 2925 1692 2960 Lu-

66 2986 228 3021 sitanico
242 2985 429 3021 Sermone
444 2985 637 3020 redditum
655 2985 812 3031 legitur,
827 2984 1074 3020 concinnavit
1089 2997 1109 3020 e
1124 2984 1241 3020 variis
1256 2985 1543 3031 exemplaribus
1558 2985 1600 3019 P.
1618 2984 1692 3018 Xa-
