2018 3510
362 230 431 276 448
863 225 1136 259 MONUMENTA
1163 223 1415 257 XAVEmANA

1086 463 1169 502 62

613 584 663 625 Ρ.
698 578 958 624 IGNATIO
991 577 1073 619 DE
1105 575 1378 627 LOYOLA,
1415 574 1643 617 ROMAM

794 684 963 729 Cocino
988 695 1043 725 20
1059 681 1261 739 Januarii
1296 682 1404 735 1548
1432 682 1460 723 ¹.

326 805 469 839 Virum
492 799 760 836 sanctimonia
782 797 1057 844 praestantem
1083 793 1318 838 idoneosque
1348 792 1553 838 operarios
1571 791 1763 838 postulat,
1788 801 1883 836 quos
1900 790 1942 824 in

389 862 607 900 Molucum,
627 859 670 893 in
691 858 824 899 Sinas,
856 856 899 890 in
921 853 1145 900 Japoniam
1178 854 1261 886 tuto
1290 852 1447 886 mittere
1457 849 1819 897 possit.-Gratias
1832 852 1868 884 et
1883 850 1944 883 in-

389 920 620 968 dulgentias
634 914 934 964 expectat.—De
949 912 1112 947 consilio
1127 911 1399 957 inJaponiam
1409 909 1750 957 proficiscendi.—
1743 908 1946 954 joannem

392 983 438 1017 de
458 980 583 1015 Beira
604 977 719 1012 sociis
737 975 820 1009 suis
830 972 1030 1020 praeficit.

410 1085 568 1131 Gratia
590 1091 634 1127 et
656 1081 849 1125 charitas
871 1082 928 1122 D.
954 1080 1012 1122 N.
1038 1085 1124 1121 etc.
1180 1075 1183 1077 ’

416 1178 449 1207 1.
511 1165 636 1205 Deus
672 1158 779 1200 mihi
816 1156 1025 1211 conscius
1067 1162 1133 1199 est
1163 1161 1438 1210 quantopere
1465 1153 1511 1195 in
1533 1154 1617 1195 hac
1648 1166 1826 1207 quoque
1853 1151 1945 1195 vita

322 1252 365 1285 te
392 1241 546 1284 videre
573 1243 794 1292 expetam,
829 1236 963 1277 Pater
991 1231 1267 1283 charissime,
1302 1237 1351 1273 ut
1374 1237 1524 1274 tecum
1553 1228 1705 1272 multis
1732 1229 1788 1271 de
1809 1229 1945 1270 rebus

321 1316 664 1365 communicem,
695 1327 812 1367 quae
840 1318 963 1352 tuam
992 1324 1123 1365 opem
1152 1322 1204 1351 ac
1241 1307 1488 1351 remedium
1519 1306 1790 1358 desiderant3
1823 1305 1947 1347 nulla

322 1396 441 1440 enim
462 1395 666 1435 locorum
705 1387 848 1444 spatia
886 1389 1069 1430 obstant
1106 1384 1398 1430 obedientiae.
1440 1383 1585 1428 Video
1619 1379 1763 1425 in‘his
1791 1381 1900 1425 locis
1922 1394 1948 1424 e

325 1472 550 1518 Societate
578 1481 676 1512 esse
713 1465 973 1521 permultos,
1013 1477 1260 1518 rursusque
1296 1477 1382 1505 nos
1418 1461 1666 1504 animorum
1695 1467 1950 1502 nostrorum

324 1548 496 1593 medico
520 1545 710 1587 multum
728 1556 864 1598 egere
886 1540 1031 1582 video.
1060 1542 1147 1583 Per
1170 1553 1257 1595 ego
1279 1546 1324 1581 te
1346 1540 1503 1596 Jesum
1531 1536 1775 1580 Dominum
1804 1549 1883 1577 oro
1906 1541 1950 1578 et

323 1628 537 1674 obtestor,
565 1623 699 1664 Pater
722 1618 904 1675 optime,
931 1624 980 1659 ut
1001 1616 1071 1660 his
1093 1631 1273 1672 quoque
1294 1615 1397 1658 filiis
1421 1615 1525 1666 tuis,
1551 1614 1628 1669 qui
1644 1613 1690 1656 in
1708 1612 1832 1655 India
1848 1626 1951 1656 ver-

325 1716 491 1753 samur,
517 1696 775 1755 prospicias,
800 1694 1037 1749 virumque
1059 1693 1210 1736 mittas
1232 1692 1425 1747 aliquem
1450 1691 1614 1734 virtute
1637 1704 1688 1733 ac
1711 1689 1949 1732 sanctitate

324 1783 642 1836 praestantem,
682 1773 813 1828 cujus
844 1771 974 1827 vigor
1009 1777 1053 1814 et
1090 1769 1293 1812 alacritas
1331 1775 1556 1824 torporem
1593 1767 1759 1810 excitet
1780 1780 1946 1810 meum.

326 1858 494 1911 Magna
520 1867 592 1895 me
623 1864 725 1905 spes
754 1854 893 1899 tenet,
925 1846 1138 1902 quoniam
1165 1845 1382 1888 divinitus
1416 1844 1666 1887 animorum
1694 1850 1950 1885 nostrorum

325 1929 585 1975 affectiones
607 1932 704 1970 tute
725 1923 958 1981 prospicis,
984 1924 1064 1965 abs
1086 1930 1131 1966 te
1153 1937 1334 1978 operam
1356 1923 1511 1964 datum
1540 1920 1593 1962 iri
1619 1919 1876 1975 diligenter,
1901 1925 1952 1961 ut

327 2007 525 2051 omnium
547 2010 806 2047 nostrorum
823 2001 918 2056 jam
952 2000 1255 2055 languescens
1277 1998 1421 2041 virtus
1457 1998 1513 2039 ad
1542 1995 1828 2052 perfectionis
1853 2001 1950 2038 stu·-

328 2085 449 2126 dium
472 2078 786 2124 vehementius
808 2076 1038 2120 incitetur.

415 2172 455 2202 2.
522 2156 645 2200 Nihil
665 2154 811 2210 magis
841 2155 954 2195 haec
979 2159 1097 2195 terra
1118 2153 1174 2195 ab
1212 2151 1439 2196 Societate
1476 2156 1643 2201 nostra,
1676 2163 1811 2203 quam
1842 2162 1952 2191 con-

325 2237 576 2279 cionatores
599 2231 835 2276 desiderat.
859 2231 910 2272 In
931 2228 1016 2281 his,
1043 2243 1156 2283 quos
1184 2229 1274 2270 huc
1302 2227 1519 2285 magister
1551 2225 1707 2270 Simon
1724 2223 1947 2277 submisit,

325 2326 456 2355 nemo
479 2317 546 2353 est
569 2308 704 2366 (quod
727 2307 878 2362 sciam)
902 2304 1207 2348 concionator.
1232 2303 1436 2348 Lusitani
1467 2310 1619 2346 autem
1636 2301 1806 2344 Indiam
1824 2301 1950 2343 inco-

326 2390 486 2438 lentes,
506 2400 585 2441 pro
609 2399 691 2427 suo
713 2383 901 2440 egregio
922 2396 1032 2438 erga
1052 2396 1138 2424 nos
1160 2380 1310 2424 studio
1338 2394 1390 2423 ac
1417 2377 1734 2423 benevolentia
1760 2377 1948 2421 idoneos

329 2471 509 2507 nostrae
552 2459 803 2515 societatis,
831 2458 1171 2501 concionatores
1216 2463 1430 2513 exoptant
1465 2455 1627 2498 mirum
1664 2454 1711 2496 in
1746 2454 1945 2496 modum.

329 2539 524 2583 Proinde
547 2544 590 2579 te
606 2551 685 2592 per
706 2538 854 2578 Deum
876 2535 1066 2590 ejusque
1102 2534 1274 2576 cultum
1311 2534 1531 2585 obtestor,
1553 2538 1602 2574 ut
1624 2538 1714 2573 tam
1737 2529 1797 2586 pii
1815 2528 1944 2584 justi-

329 2630 416 2671 que
437 2615 613 2656 illorum
650 2611 861 2667 postulati
897 2625 1082 2662 memor,
1123 2609 1293 2666 aliquot
1330 2611 1420 2651 huc
1457 2608 1607 2651 mittas
1639 2609 1798 2650 Patres
1829 2606 1885 2648 ad
1906 2605 1952 2648 id

404 2794 413 2812 ¹
465 2790 522 2824 Ex
541 2788 764 2833 TURSELL„
783 2789 809 2822 l.
829 2788 880 2832 II,
900 2799 961 2833 ep.
981 2787 1169 2832 4.—Vide
1184 2786 1370 2832 CUTILL„
1390 2797 1491 2821 anno
1512 2785 1617 2832 1548,
1630 2796 1691 2831 ep.
1715 2793 1746 2818 1:
1767 2785 1952 2830 MENCH.‚

333 2851 404 2886 lib.
429 2849 481 2893 ΙΙ,
501 2859 566 2893 ep.
594 2855 654 2891 19.
1735 2877 1738 2880 Δ

399 2909 494 2943 Eam
518 2904 715 2950 inscripsit
754 2903 963 2939 CUTILLAS
988 2904 1060 2938 «Al
1085 2903 1208 2938 Padre
1238 2904 1407 2940 Maestro
1437 2902 1593 2949 Ignacio
1619 2902 1668 2937 de
1687 2902 1845 2948 Loyola,
1864 2901 1954 2936 Pre-

328 2966 454 3015 posito
473 2964 640 3000 General
655 2962 703 2997 de
721 2963 757 2997 la
774 2961 987 3007 Compafiia
1004 2961 1052 2996 de
1072 2962 1530 3006 Jesus.»TURSELL1NUS
1548 2971 1653 2996 vero:
1681 2960 1754 2994 «R.
1781 2960 1822 2995 P.
1841 2960 1952 3005 Igna-

328 3027 383 3062 tio
403 3024 558 3070 Lojolae
572 3021 798 3068 Praeposito
824 3019 1007 3056 Generali
1021 3019 1227 3055 Societatis
1254 3021 1387 3066 Jesu.»
