2018 3510
589 222 726 256 EPIST.
754 220 911 255 61.—2o
938 220 1138 265 JANUARII
1167 219 1256 263 1548
1616 217 1687 263 443

110 341 165 369 ex
192 323 295 366 filiis
323 321 618 365 christianum
641 328 760 365 esset
782 322 1000 374 facturus,
1033 327 1078 365 et
1101 320 1309 364 eumdem
1338 327 1439 375 post
1467 320 1739 375 baptismum

111 415 264 457 regem
287 400 535 442 insularum
558 398 630 440 del
648 400 794 451 Moro,
820 397 866 440 in
889 397 1053 452 quibus
1076 411 1212 452 supra
1241 397 1381 438 multa
1406 412 1504 440 esse
1534 396 1734 438 christia-

113 492 272 521 norum
306 477 405 519 loca
427 475 637 527 diximus3
664 482 709 517 et
731 475 788 517 ad
810 474 856 516 id
878 481 1085 516 curatum
1117 480 1186 518 est
1214 480 1264 515 ut
1287 474 1579 516 Gubernator
1602 474 1635 524 ⁹,
1666 471 1742 526 qui

113 568 332 597 summam
360 553 496 595 habet
519 567 544 594 a
572 566 679 607 rege
709 551 997 607 Portugaliae
1025 549 1356 601 auctoritatem,
1387 549 1535 592 omnia
1564 565 1615 592 ea
1639 563 1742 604 pro—

113 631 302 681 uideret,
328 644 443 684 quae
466 629 523 671 ad
554 628 695 671 filium
734 642 889 684 regem
917 627 1286 670 constituendum
1314 641 1467 670 earum
1496 625 1743 667 insularum

113 714 264 753 essent
285 705 553 749 necessaria,

206 795 271 827 12.
338 784 474 826 Anno
496 781 845 838 quadragesimo
868 788 997 825 sexto
1020 781 1171 836 elapso
1194 779 1461 836 scripseram
1479 778 1565 820 illis
1587 779 1643 821 de
1661 779 1745 821 So-

111 861 288 912 cietate,
314 859 391 915 qui
419 860 578 903 eodem
607 873 726 902 anno
751 858 797 900 in
825 858 997 901 Indiam
1028 872 1053 900 e
1082 856 1347 914 Portugalia
1376 857 1664 912 appulerant,
1696 862 1747 896 ut

111 937 316 994 sequenti
338 951 457 980 anno
479 936 689 988 nauibus,
717 949 833 991 quae
855 935 960 979 inde
983 936 1214 979 Malucum
1237 934 1601 991 proficiscuntur,
1622 947 1676 975 eo
1698 946 1746 975 se

112 1015 367 1058 conferrent
391 1021 512 1056 certe
529 1013 665 1068 aliqui
683 1013 879 1066 illorum3
905 1019 950 1055 et
973 1012 1037 1055 sic
1066 1013 1157 1054 duo
1185 1011 1668 1067 sacerdotes,Joannes
1691 1010 1747 1052 de

114 1091 250 1135 Veira
272 1098 317 1134 et
354 1092 519 1134 Petrus
556 1089 755 1142 Ribeiro,
791 1096 835 1134 et
854 1089 1029 1141 tertius,
1051 1089 1193 1132 laicus
1230 1090 1279 1141 ¹⁰,
1314 1086 1506 1144 profecti
1529 1088 1747 1130 Malacam

117 1183 291 1220 uersus,
313 1168 390 1211 ubi
412 1182 489 1212 eos
511 1167 681 1220 inueni,
702 1166 995 1223 nauigarunt3
1017 1174 1062 1209 et
1084 1181 1188 1209 cum
1211 1165 1298 1208 illis
1320 1165 1512 1208 multum
1543 1164 1749 1206 consola—

116 1240 250 1289 tionis
270 1260 360 1288 vno
376 1259 547 1299 mense,
568 1260 702 1300 quem
720 1244 853 1287 simul
872 1244 1071 1288 Malacae
1088 1242 1317 1296 duximus,
1338 1241 1533 1298 percepi,
1556 1240 1750 1284 videndo

115 1323 236 1378 quod
258 1322 377 1365 serui
401 1322 487 1365 Dei
509 1329 676 1373 essent,
704 1329 748 1366 et
782 1322 973 1365 multum
996 1320 1201 1363 vtilitatis
1230 1319 1317 1362 illis
1345 1318 1610 1375 regionibus
1641 1318 1750 1359 alla—

116 1399 219 1443 turi.
241 1400 414 1444 Malaca
436 1399 624 1455 profecti
642 1405 748 1441 sunt
771 1412 930 1442 uersus
960 1398 1189 1442 Malucum
1219 1411 1373 1440 mense
1402 1397 1617 1452 Augusto
1645 1393 1751 1437 anni

116 1476 448 1533 quadragesimi
471 1476 663 1532 septimi:
690 1490 806 1532 quae
834 1475 1065 1531 nauigatio
1094 1475 1274 1518 duobus
1303 1472 1554 1517 absoluitur
1584 1470 1751 1516 mensi-

115 1553 215 1596 bus.
241 1554 307 1596 Eo
330 1560 530 1608 tempore
553 1567 643 1608 quo
665 1551 798 1595 simul
827 1552 1012 1604 fuimus,
1038 1553 1095 1595 de
1122 1552 1260 1595 rebus
1287 1550 1463 1592 illarum
1494 1548 1749 1605 regionum,

116 1632 171 1673 de
207 1631 341 1672 modo
379 1629 652 1685 procedendi
690 1629 734 1671 in
768 1629 849 1681 eis,
889 1635 1024 1685 prout
1060 1627 1338 1684 experientia
1375 1626 1635 1676 didiceram,
1673 1639 1754 1669 eos

116 1707 322 1750 instruxi.
350 1709 461 1751 Tam
491 1707 650 1751 remoti
688 1713 795 1750 sunt
833 1707 888 1749 ab
928 1705 1068 1758 India,
1111 1712 1161 1747 ut
1189 1704 1367 1748 nonnisi
1398 1704 1537 1747 semel
1560 1701 1753 1758 singulis

117 1783 245 1827 annis
268 1784 513 1839 quidquam
536 1784 593 1826 de
620 1783 685 1827 eis
708 1790 861 1836 posset
890 1782 1083 1839 intelligi
1112 1783 1168 1825 ab
1190 1781 1260 1824 his
1289 1780 1367 1836 qui
1394 1781 1521 1823 Goae
1550 1785 1748 1821 manent,

117 1862 238 1903 Dum
262 1861 480 1903 Malacam
510 1860 621 1903 mari
643 1859 844 1904 venirem
873 1874 964 1902 non
993 1860 1237 1903 defuerunt
1269 1857 1525 1914 spirituales
1557 1870 1752 1911 occupa--

118 1937 262 1981 tiones
278 1937 325 1980 in
343 1937 615 1992 quibusdam
633 1936 809 1989 insulis,
830 1936 876 1979 in
894 1936 1076 1991 quibus,
1098 1942 1312 1991 quattuor
1329 1948 1471 1977 naues
1494 1932 1749 1985 inueniens,

117 2014 210 2058 fere
228 2013 388 2070 viginti
406 2014 502 2056 dies
520 2013 719 2057 substiti:
742 2013 1012 2068 aliquotiens
1029 2012 1324 2056 concionatus
1342 2009 1752 2065 sum,·etplurimo-

115 2105 215 2133 rum
247 2091 401 2134 audiui
439 2091 762 2135 confessiones:
804 2090 1125 2134 dissentientes
1162 2104 1257 2132 non
1293 2102 1462 2145 paucos
1501 2087 1557 2129 ad
1595 2099 1752 2142 pacem

119 2167 294 2211 reduxi.

214 2257 280 2299 13.
346 2246 454 2288 Inde
476 2243 748 2301 perueniens
772 2245 990 2288 Malacam
1013 2249 1226 2299 quattuor
1253 2242 1300 2284 in
1322 2256 1375 2285 ea
1396 2255 1590 2292 menses,
1623 2239 1755 2282 naui-

124 2321 262 2378 gandi
282 2321 329 2365 in
351 2321 521 2366 Indiam
545 2329 723 2377 tempus
746 2328 1005 2377 expectans,
1031 2326 1240 2364 uersatus
1258 2334 1373 2362 sum:
1395 2318 1441 2360 in
1458 2318 1627 2361 eisdem
1645 2331 1755 2359 con—

123 2398 303 2441 cionum
340 2405 386 2442 et
423 2398 757 2442 confessionum
795 2396 1167 2453 occupationibus
1180 2416 1200 2449 ,·
1229 2395 1394 2451 quibus
1432 2393 1619 2446 Maluci,
1662 2400 1757 2435 tum

125 2474 537 2531 portugalensibus,
561 2481 655 2517 tum
674 2473 907 2517 conuersis
929 2474 985 2516 ab
1007 2472 1272 2518 infidelitate
1293 2487 1365 2515 me
1395 2485 1626 2522 exercens,
1653 2483 1756 2512 cum

124 2551 229 2597 fidei
245 2551 458 2595 articulos
474 2566 747 2603 enarrarem,
769 2557 894 2593 tanta
911 2551 1168 2593 confluebat
1185 2549 1443 2600 multitudo,
1468 2554 1516 2589 ut
1532 2548 1589 2590 ad
1606 2549 1758 2590 cathe-

123 2630 290 2673 dralem
327 2628 563 2672 ecclesiam
603 2628 727 2671 urbis
751 2628 884 2671 fuerit
922 2628 1266 2681 transeundum3
1309 2634 1355 2670 et
1385 2626 1491 2670 licet
1519 2625 1758 2668 distinerer

123 2705 349 2749 continuis
369 2705 751 2757 confessionibus,
777 2704 959 2760 quidam
983 2712 1133 2749 tamen
1161 2704 1269 2748 mihi
1292 2703 1457 2747 infensi
1485 2708 1629 2755 erant,
1655 2714 1757 2743 cum

193 2849 208 2869 ⁹
256 2849 353 2902 Erat·
369 2853 462 2884 tunc
481 2849 654 2895 Joannes
671 2847 720 2884 de
747 2846 899 2894 Castro,
924 2848 991 2896 qui
1020 2853 1132 2884 sexta
1154 2847 1218 2884 die
1242 2847 1350 2894 Junii
1378 2847 1494 2893 hujus
1523 2845 1613 2880 anni
1638 2843 1757 2878 vitam

125 2905 269 2943 finivit.

186 2967 216 2988 ¹⁰
265 2967 437 3013 Joannes
456 2967 505 3003 de
523 2967 652 3013 Beira,
672 2966 825 3003 Nunius
841 2968 936 3012 (non
953 2968 1109 3013 Petrus,
1125 2972 1168 3003 ut
1181 2979 1311 3003 errore
1326 2965 1473 3003 librarii
1489 2970 1596 3001 extat
1610 2964 1649 2998 in
1664 2962 1759 3008 ms.)

130 3023 287 3062 Ribeiro
304 3031 344 3062 et
362 3026 548 3062 Nicolaus
566 3027 719 3064 Nunes.
