2018 3510
9 252 19 293 ”te
10 163 20 246 -‡‡1-.

6 2933 13 2979 i

578 179 716 213 EPIST.
744 177 901 221 46.-2o
927 177 1126 221 JANUARH
1157 186 1245 221 1544
1615 178 1684 223 359

106 283 151 326 in
179 296 255 325 eos
283 278 654 331 animadvertisti,
685 277 761 333 qui
792 293 817 320 a
846 279 911 321 Te
940 278 1148 330 autorati,
1191 277 1383 332 Tibique
1412 279 1594 331 subditi,
1626 279 1733 322 mihi

107 365 233 403 erant
269 357 315 399 in
351 356 477 398 India
515 354 763 398 contrarii:
799 369 903 397 cum
936 354 982 396 in
1019 355 1217 407 eosdem,
1258 354 1295 396 si
1332 355 1619 409 negligentes
1655 358 1734 399 de-

108 434 493 493 prehenderentur
509 432 555 474 in
578 431 667 474 tuis
688 431 990 487 vectigalibus
1013 438 1057 474 et
1079 432 1114 474 F
1117 430 1197 474 isci
1226 430 1476 473 rationibus
1505 433 1730 485 curandis,

108 525 262 555 severe
283 508 534 552 vindicares
556 510 573 551 ?
595 510 692 551 Nec
714 507 823 559 seio,
850 507 1058 559 Domine,
1085 506 1242 562 quanti
1265 508 1320 549 ad
1339 513 1461 548 tuam
1480 508 1735 550 excusatio-

108 603 209 632 nem
230 584 445 628 momenti
466 584 676 628 habitura
699 584 756 626 sit
779 583 856 626 tali
878 590 1079 639 tempore
1106 583 1341 639 responsio
1376 584 1488 634 Tua,
1526 584 1730 627 dicentis:

107 650 312 721 equidem
335 662 463 704 annis
486 660 679 717 singulis
701 675 804 703 cum
827 660 977 703 isthuc
1000 660 1268 712 scribebam,
1295 674 1367 702 res
1388 659 1541 702 Divini
1566 660 1630 701 tui
1653 662 1734 702 ob—

105 740 247 796 sequii
268 739 654 783 commendabam.
681 740 942 794 Reponetur
965 737 1085 780 enim
1114 737 1346 780 continuo:
1384 736 1526 791 Atqui
1549 751 1626 780 eos
1657 738 1733 791 qui

104 825 192 861 tam
215 824 370 860 sancta
391 815 476 858 ista
498 816 711 858 mandata
732 829 901 870 susque
931 815 1076 869 deque
1099 815 1344 865 habebant,
1378 813 1561 869 impune
1589 813 1635 855 id
1667 815 1732 855 fa-

103 909 202 939 cere
238 893 433 945 sinebas,
471 907 574 935 cum
611 891 790 934 interim
824 906 937 946 quos
970 905 1252 947 compereras
1285 890 1331 932 in
1363 905 1513 934 rerum
1554 897 1733 932 tuarum

102 970 415 1028 procuratione
437 985 594 1025 parum
618 970 732 1011 fidos
753 975 832 1011 aut
854 975 1078 1021 strenuos,
1104 968 1270 1011 debitis
1292 967 1450 1023 poenis
1466 966 1727 1010 subiicereS.

192 1059 233 1101 7.
300 1049 388 1090 Per
411 1049 510 1102 Ego
529 1048 610 1098 Te,
631 1046 842 1097 Domine,
869 1060 960 1100 quo
978 1047 1142 1101 flagras
1160 1046 1307 1089 zelum
1325 1044 1510 1088 Gloriae
1520 1043 1730 1096 Divinae,

105 1139 272 1190 perque
302 1138 456 1166 curam
479 1138 612 1178 quam
646 1124 787 1166 habes
816 1121 1173 1177 antiquissimam
1202 1121 1583 1177 expediendarum
1616 1121 1736 1176 apud

105 1204 249 1245 Deum
273 1200 496 1243 rationum
520 1199 656 1243 officii
678 1199 860 1255 proprii,
881 1212 933 1241 ac
962 1198 1265 1243 conscientiae
1293 1199 1621 1253 deonerandae‚
1655 1198 1736 1239 ob—

105 1285 242 1322 testor
262 1284 398 1333 atque
420 1277 576 1320 adiuro
599 1277 882 1332 Majestatem
911 1277 1072 1318 Tuam:
1104 1275 1236 1319 Mitte
1262 1277 1352 1318 huc
1385 1275 1598 1318 idoneum
1632 1289 1734 1316 cum

103 1355 340 1399 autoritate
361 1353 617 1398 necessaria
646 1353 919 1404 Ministrum‚
955 1353 1086 1408 cujus
1108 1367 1198 1395 vna
1231 1366 1341 1394 cura
1370 1351 1443 1403 sit,
1478 1350 1734 1407 prospicere

103 1432 234 1475 saluti
256 1429 652 1474 innumerabilium
682 1429 933 1472 animarum
965 1444 1081 1484 quae
1109 1429 1181 1472 hic
1210 1428 1536 1485 periclitantur:
1570 1427 1737 1482 quique

103 1509 147 1552 in
167 1524 220 1552 ea
242 1507 558 1564 procuratione
580 1513 848 1563 potestatem
872 1522 898 1549 a
921 1508 985 1550 Te
1008 1507 1172 1550 habeat
1194 1506 1380 1550 liberam
1404 1507 1459 1548 ab
1482 1504 1669 1560 imperio
1691 1511 1736 1547 et

104 1585 269 1630 ditione
305 1585 481 1628 illorum
520 1599 637 1640 quos
671 1583 970 1640 vectigalibus
1000 1591 1045 1628 et
1073 1583 1204 1640 regni
1232 1583 1297 1625 tui
1325 1582 1521 1639 negotiis
1557 1581 1737 1637 proprie

102 1677 259 1706 vacare
280 1662 424 1706 iubes:
450 1669 501 1704 ut
530 1661 593 1704 sic
624 1661 671 1703 in
700 1667 930 1716 posterum
959 1661 1243 1704 incommoda
1270 1667 1315 1703 et
1347 1661 1559 1702 scandala
1586 1658 1734 1701 viten-

105 1747 189 1793 tur,
214 1739 380 1796 quibus
401 1741 592 1782 antehac
620 1737 773 1780 multis
800 1744 845 1781 et
874 1738 1091 1794 gravibus
1118 1753 1190 1782 res
1218 1737 1291 1780 hic
1320 1736 1577 1780 Christiana
1605 1737 1734 1778 labo-

105 1817 231 1860 ravit.

189 1894 230 1937 8.
295 1895 421 1936 Ineat
443 1893 657 1937 Maiestas
680 1895 779 1936 Tua
801 1900 1004 1936 exactam
1028 1892 1264 1945 rationem,
1297 1898 1343 1934 et
1371 1891 1549 1946 plenam
1579 1904 1734 1934 secum

103 1984 319 2014 summam
350 1969 534 2026 colligat
571 1971 800 2013 fructuum
831 1977 876 2014 et
900 1969 1213 2026 temporalium
1242 1970 1467 2011 bonorum
1503 1982 1620 2022 quae
1647 1967 1736 2011 Dei

102 2047 319 2091 beneficio
339 2061 396 2089 ex
424 2047 560 2089 Indiis
587 2047 795 2103 percipis.
828 2048 990 2091 Deduc
1022 2046 1126 2089 inde
1158 2047 1280 2102 quod
1307 2045 1382 2087 hic
1418 2044 1465 2086 in
1487 2044 1573 2088 Dei
1602 2045 1734 2087 obse—

102 2123 254 2178 quium
275 2131 320 2167 et
342 2138 527 2167 causam
551 2123 801 2180 Religionis
826 2123 1058 2179 expendis.
1091 2123 1258 2177 Sicque
1286 2121 1462 2164 cunctis
1490 2105 1738 2178 prudenter

105 2200 361 2253 aestimatis,
387 2201 504 2244 inter
527 2207 628 2244 tuas
657 2200 822 2257 regias,
855 2207 900 2243 et
928 2201 1014 2244 Dei
1043 2214 1096 2243 ac
1123 2199 1333 2244 coelestis
1361 2198 1510 2255 Regni
1538 2198 1737 2242 rationes

107 2290 203 2320 eam
224 2264 509 2333 partitionem
532 2277 735 2330 institue,
757 2292 891 2333 quam
916 2288 1075 2333 gratus
1097 2283 1142 2320 et
1164 2276 1403 2332 religiosus
1426 2282 1532 2318 tuus
1560 2275 1738 2319 animus

108 2367 294 2410 aequam
332 2355 427 2398 fore
462 2356 722 2410 bonamque
759 2354 989 2397 iudicabit:
1031 2368 1212 2405 cavens,
1253 2369 1312 2398 ne
1354 2354 1544 2396 Creator
1584 2367 1736 2397 rerum

107 2431 303 2475 omnium
324 2439 450 2487 parte
467 2431 600 2474 nimis
616 2431 783 2487 exigua
798 2431 984 2487 largiter
1005 2432 1250 2475 effusorum
1267 2430 1314 2473 in
1330 2437 1459 2473 tuum
1475 2429 1624 2473 sinum
1644 2431 1737 2473 Bo·-

106 2521 262 2551 norum
291 2515 488 2564 auguste
524 2523 577 2551 ac
619 2523 754 2564 parce
781 2515 1097 2552 remuneratus
1124 2523 1150 2550 a
1179 2510 1244 2551 Te
1271 2507 1414 2552 videri
1443 2507 1599 2563 possit.
1636 2508 1733 2551 Nec

104 2591 338 2628 cunctetur
359 2585 406 2628 in
426 2587 513 2628 hoc
535 2585 721 2638 diutius,
748 2592 826 2628 aut
848 2585 1146 2641 procrastinet
1170 2585 1358 2628 ulterius
1380 2584 1595 2628 Maiestas
1613 2585 1728 2627 Tua.

103 2660 331 2715 Quantum
355 2662 474 2706 enim
497 2675 693 2717 cumque
717 2662 918 2714 festines,
944 2677 1044 2706 sera
1071 2662 1158 2706 iarn
1181 2664 1292 2705 haec
1315 2661 1450 2705 fuerit
1479 2660 1730 2717 diligentia.

103 2737 245 2794 Vrget
266 2753 337 2782 me
354 2740 411 2782 ad
432 2741 520 2783 hoc
543 2739 832 2783 scribendum
854 2754 962 2784 vera
983 2746 1028 2783 et
1050 2740 1212 2784 ardens
1233 2739 1322 2784 mei
1339 2738 1488 2782 cordis
1506 2753 1617 2794 erga
1634 2739 1734 2781 Ma-

105 2812 307 2858 iestatem
330 2817 475 2859 Tuam
497 2816 676 2870 caritas3
709 2816 866 2872 utique
888 2831 991 2859 cum
1021 2816 1176 2860 audire
1205 2816 1314 2860 mihi
1342 2816 1498 2859 videar
1523 2829 1660 2858 voces
1682 2829 1737 2857 ex

108 2888 178 2932 his
205 2892 334 2935 terris
365 2892 525 2937 missas
557 2895 613 2936 ad
643 2894 832 2938 Coelum
862 2894 1015 2938 Indiae
1047 2893 1382 2950 conquerentis,
1417 2908 1552 2936 avare
1583 2905 1735 2935 secum

111 2966 186 3022 agi
207 2982 233 3011 a
254 2969 490 3015 Maiestate
512 2972 627 3023 Tua,
653 2971 774 3026 quod
804 2973 1115 3015 Proventuum
1146 2971 1476 3015 uberrimorum
1507 2968 1583 3024 qui
1611 2982 1741 3010 aera—
