2049 3360
778 94 944 129 DocoM.
976 95 1040 128 166
1604 91 1675 135 933

512 194 609 249 Ego
633 201 798 246 tamen,
825 194 885 237 mi
908 194 1141 247 Conditor,

514 270 594 321 Te,
615 270 796 313 dotibus
818 278 976 327 captus
1000 271 1102 323 tuis,

516 347 596 398 Te,
622 348 801 390 Numen
824 348 1047 391 admirans
1071 356 1214 400 tuum,

515 423 733 478 Sublime,
759 434 980 477 sanctum,
1007 425 1259 481 providum,

514 500 683 542 Amore
706 500 904 557 inempto
928 517 1186 557 prosequar.

515 577 580 619 Te
603 577 797 631 Christe,
825 580 888 620 Te
911 578 995 621 Fili
1011 579 1112 631 Dei,

518 654 583 695 Te
601 654 742 710 Virgo
764 656 914 711 proles
937 655 1154 712 Virginis,

516 732 765 784 Mansuete,
794 732 936 785 fortis,
961 732 1192 784 innocens,

515 807 713 863 Dignate
730 824 810 864 pro
833 810 963 853 nobis
985 810 1113 862 mori,

516 885 669 928 Gratis
692 895 937 931 merentem
960 887 1162 943 diligam.

508 1132 686 1162 AMoR1s
711 1133 834 1162 ERGA
858 1133 990 1163 DEUM
1013 1132 1256 1163 AFFECTUS
1290 1120 1317 1160 ¹.

195 1273 408 1317 «Afectos
431 1287 663 1317 amorosos
684 1275 740 1317 de
763 1275 854 1319 San
886 1273 1127 1317 Francisco
1156 1273 1340 1325 Xavier‚
1373 1286 1461 1327 que
1490 1273 1531 1316 le
1552 1272 1679 1314 decia
1700 1275 1728 1312 a

103 1349 213 1392 Dios
235 1352 421 1393 muchas
442 1365 593 1404 veces,
618 1366 723 1407 para
748 1366 835 1407 que
857 1353 923 1394 los
946 1351 1085 1408 digan
1107 1351 1164 1394 de
1192 1365 1385 1393 corazon
1414 1364 1492 1392 sus
1520 1349 1725 1392 devotos.

576 1507 617 1549 O
641 1507 781 1550 Deus!
809 1507 907 1562 Ego
931 1520 1031 1548 amo
1055 1513 1115 1558 te,

517 1585 612 1627 Nec
636 1599 736 1627 amo
761 1591 819 1636 te,
847 1590 895 1626 ut
913 1572 1058 1626 salves
1079 1597 1166 1636 me,

517 1662 613 1705 Aut
635 1661 739 1717 quia
762 1676 850 1704 non
873 1667 1073 1703 amantes
1095 1666 1139 1703 te

518 1739 718 1782 Aeterno
740 1738 873 1794 punis
895 1737 1016 1793 igne.

522 1816 608 1867 Tu,
636 1817 722 1867 Tu,
747 1815 807 1857 mi
823 1817 950 1872 jesu,
978 1821 1121 1857 totum
1144 1827 1215 1856 me

519 1887 768 1942 Amplexus
791 1901 838 1929 es
860 1886 905 1928 in
929 1886 1091 1928 Cruce:

517 1963 679 2006 Tulisti
703 1964 870 2015 clavos,
890 1964 1107 2013 lanceam,

519 2041 799 2095 Multamque
820 2037 1131 2096 ignominiam,

518 2118 782 2159 Innumeros
804 2117 999 2167 dolores,

521 2195 735 2245 Sudores,
761 2200 805 2237 et
826 2206 1035 2248 angores,

526 2271 596 2314 Ac
617 2277 822 2322 mortem,
849 2277 893 2313 et
914 2271 1025 2312 haec
1045 2274 1228 2324 propter
1249 2281 1336 2320 me,

521 2348 592 2390 Ac
613 2361 693 2402 pro
710 2360 781 2388 me
797 2353 1047 2402 peccatore.

520 2424 614 2467 Cur
636 2423 775 2480 igitur
797 2437 888 2466 non
911 2437 1053 2465 amem
1077 2428 1136 2474 te,

520 2502 561 2544 O
575 2503 684 2558 Jesu
703 2499 1020 2543 amantissime!

518 2579 619 2620 Non
645 2584 693 2619 ut
715 2577 760 2619 in
784 2577 922 2620 Coelo
944 2576 1091 2620 salves
1112 2589 1199 2627 me,

518 2655 613 2697 Aut
635 2670 693 2698 ne
714 2654 760 2697 in
783 2660 1014 2698 aeternum
1037 2653 1222 2695 damnes
1244 2665 1332 2705 me,

518 2732 615 2775 Nec
636 2730 821 2787 proemii
845 2730 978 2772 ullius
1000 2743 1094 2786 spe3

183 2842 192 2862 ¹
243 2842 300 2876 Ex
335 2852 451 2887 opere
494 2841 595 2875 Vida
629 2852 654 2886 y
687 2840 884 2887 milagros
917 2839 963 2873 de
998 2838 1082 2873 San
1115 2835 1328 2872 Francisco
1361 2834 1532 2876 Xavier,
1573 2837 1730 2867 auctore

110 2900 154 2934 P.
176 2901 416 2935 FRANCJSCO
436 2898 615 2943 GARCIA,
634 2897 682 2932 ad
699 2898 844 2932 calcem
863 2895 1044 2932 editionis
1061 2892 1298 2930 Matritensis
1315 2891 1406 2928 anni
1427 2890 1532 2936 1676.
