2049 3360
759 105 927 141 DOCUM.
959 108 1024 151 167
1582 108 1652 155 939

430 240 620 282 «Annus
646 243 773 295 1665.
793 242 996 298 joannes
1021 244 1201 286 Nddasi
1224 245 1270 286 S.
1292 246 1338 301 J.

134 357 230 398 Nec
253 357 522 412 gaudiorum
546 360 787 403 aeternitas
973 363 1053 413 Te,
1080 362 1155 417 qui
1178 363 1352 406 cruenti
1376 363 1550 419 Stipitis

195 432 420 476 Promissa
441 434 661 490 diligenti,
1031 440 1246 483 Sublatus
1268 439 1314 482 in
1338 443 1579 494 theatrum,

132 511 227 552 Nec
249 509 493 554 inferorum
517 513 758 556 aeternitas
973 516 1209 572 Exemplar
1230 531 1277 559 es
1299 518 1588 573 pulcherrimi

192 588 353 630 Parata
376 587 641 643 negligenti,
1031 593 1087 634 Et
1108 592 1269 636 artifex
1295 593 1456 636 amoris

129 664 225 705 Nec
248 662 322 706 illa
345 678 431 716 me,
453 678 536 707 nec
558 664 643 708 ista
665 680 735 710 me
971 669 1090 710 Heu!
1117 668 1366 725 Conspicor
1389 670 1634 713 trabalibus

188 740 356 784 Amare
378 747 422 785 te
444 741 611 798 coegit,
1030 746 1191 787 Manus
1213 746 1440 802 pedesque
1463 747 1615 800 clavis,

537 820 572 861 F
575 818 789 874 ixumque
811 828 969 877 pectus
991 821 1143 864 militis

599 897 656 939 Et
677 898 777 953 plus
800 898 964 941 amoris
987 900 1115 942 hasta

540 974 660 1016 Heu!
687 975 844 1031 flagra,
869 975 1047 1031 Spinas,
1072 976 1272 1019 Vulnera

597 1051 719 1102 Heu,
745 1052 923 1107 probra,
949 1059 1096 1108 sputa,
1122 1067 1301 1106 sannas3

538 1128 832 1183 Tandemque
848 1129 1275 1185 contemptissimam

596 1205 684 1247 Pro
708 1220 778 1249 me
801 1212 992 1249 nocente
1014 1214 1218 1249 mortem.

537 1282 666 1326 Haec
691 1297 780 1325 una
802 1297 874 1325 me
896 1283 1143 1326 dulcissimi

522 1379 526 1383 ·
591 1359 838 1402 Sinceritas
860 1359 1038 1411 amoris,

61 1434 204 1487 Haec,
235 1448 261 1476 o
279 1442 454 1478 amator
472 1435 653 1491 optime,
935 1437 992 1479 Et
1014 1436 1171 1492 gratis,
1199 1444 1249 1479 ut
1271 1438 1336 1481 Te
1358 1452 1429 1480 me
1446 1436 1566 1493 prior

118 1512 286 1556 Amare
311 1520 354 1555 te
378 1512 544 1568 coegit,
992 1515 1260 1566 Amaveras,
1281 1529 1491 1558 amarem.

59 1587 109 1631 Si
130 1589 253 1631 nulla
275 1589 405 1632 nobis
428 1589 623 1645 praemia
929 1591 1224 1646 Tandemque
1254 1597 1312 1643 te,
1340 1592 1461 1646 quod
1484 1590 1681 1647 optimus

118 1665 429 1719 promitteres,
455 1681 667 1720 amarem,
988 1669 1206 1722 Deusque
1227 1667 1288 1710 sis
1310 1668 1521 1711 amarem!
1538 1687 1551 1707 ι)
1578 1669 1592 1690 ⁸

143 1819 368 1875 Denique,
394 1827 444 1862 ut
467 1835 720 1865 sermonem
744 1822 799 1865 de
821 1821 1104 1864 versionibus
1127 1822 1429 1874 absolvamus,
1460 1822 1570 1864 illud
1600 1823 1681 1865 ad-

53 1895 215 1948 dimus,
237 1911 320 1939 nos
343 1912 368 1940 a
386 1898 521 1941 Patre
539 1899 734 1953 quodam
751 1905 932 1941 nostrae
949 1898 1204 1951 Societatis,
1225 1898 1388 1941 divinis
1406 1906 1450 1942 et
1472 1898 1682 1942 humanis

51 1971 210 2015 litteris
249 1973 450 2029 apprime
489 1973 648 2030 perito,
691 1974 919 2030 accepisse
950 1976 1002 2017 P.
1029 1977 1253 2032 Joannem
1292 1976 1391 2018 Rho
1429 1975 1680 2019 versionem

49 2047 234 2092 latinam
271 2050 425 2092 Sonetz'
440 2051 535 2105 jam
574 2050 767 2095 edidisse
805 2051 924 2094 anno
954 2052 1080 2106 1643,
1112 2051 1159 2093 in
1188 2066 1324 2107 opere
1351 2053 1448 2094 Atti
1468 2052 1517 2094 di
1551 2053 1680 2094 varie

51 2197 131 2232 fere
150 2198 199 2233 ad
216 2200 393 2243 verbum3
415 2200 491 2242 vel,
513 2204 554 2233 ut
572 2198 636 2233 alii
655 2199 776 2244 aiunt,
796 2199 836 2233 S.
858 2199 900 2233 Ρ.
921 2199 1100 2244 Ignatii.»
1128 2200 1185 2234 Ita
1204 2199 1279 2234 iam
1299 2205 1390 2235 tunc
1415 2199 1675 2246 disceptatum

52 2261 157 2292 est.»
178 2258 390 2305 Hucusque
405 2258 617 2303 annotatio,
633 2270 748 2304 quam
763 2257 919 2303 subjicit
936 2258 976 2292 P.
996 2258 1202 2304 Drebitka,
1221 2271 1242 2293 a
1259 2271 1335 2306 quo
1354 2259 1471 2294 etiam
1488 2260 1674 2305 hymnum

52 2315 356 2363 desumpsimus.
1130 2355 1132 2357 .

122 2377 136 2396 ⁸
187 2377 308 2412 «Cum
328 2378 376 2412 P.
406 2378 506 2412 Xav.
540 2376 803 2422 Philippucius
823 2388 856 2411 a.
886 2378 988 2422 1692.
1010 2382 1183 2412 mortuus
1203 2376 1254 2412 sit
1272 2383 1312 2413 et
1337 2378 1379 2412 P.
1400 2378 1539 2413 Petrus
1558 2379 1676 2413 Pous-

50 2435 156 2470 sines
174 2436 393 2480 (Possinus)
411 2448 450 2471 a.
477 2436 580 2480 1667.
601 2446 700 2471 nova
720 2436 841 2471 forma
866 2436 1048 2479 (iambico
1067 2436 1247 2480 dimetro)
1264 2448 1434 2483 carmen,
1459 2449 1506 2472 ex
1530 2437 1637 2473 India
1656 2450 1676 2472 a

47 2494 289 2541 Philippucio
309 2496 484 2539 missum,
504 2495 684 2540 ediderit,
710 2495 852 2530 Nadasi
879 2507 972 2530 vero
994 2496 1101 2540 1657.
1126 2501 1166 2530 et
1194 2496 1296 2540 1665.
1321 2496 1477 2540 librum,
1503 2508 1579 2543 quo
1597 2507 1677 2532 car-

46 2554 148 2589 mina
167 2554 342 2589 eiusdem
361 2554 580 2600 argumenti
598 2554 863 2599 continentur,
883 2555 976 2590 item
995 2556 1141 2590 Romae
1161 2556 1247 2590 luce
1272 2555 1490 2602 donaverit,
1515 2557 1676 2592 affirma-

44 2612 170 2659 ritque
188 2614 250 2648 vel
270 2614 415 2648 Sancto
443 2614 620 2648 Xaverio
650 2614 713 2648 vel
745 2614 788 2648 S.
825 2614 988 2661 Ignatio
1020 2614 1138 2649 tribui
1168 2614 1325 2649 solitum
1356 2626 1457 2650 esse:
1483 2615 1569 2662 quis
1600 2627 1677 2650 non

45 2672 189 2716 videat,
220 2678 432 2717 sonettum,
461 2672 562 2719 quod
594 2672 737 2708 Nadasi
767 2672 815 2707 ad
845 2674 1008 2708 verbum
1039 2673 1172 2718 vertit,
1205 2674 1280 2708 iam
1311 2674 1417 2721 prius
1449 2674 1488 2709 in
1519 2675 1676 2720 Europa

43 2736 176 2766 notum
194 2731 331 2777 fuisse,
362 2743 476 2778 quam
507 2731 611 2766 istud
629 2743 651 2766 a
670 2731 913 2778 Philippucio
933 2745 981 2767 ex
1013 2733 1123 2768 India
1154 2733 1327 2768 missum.
1356 2733 1482 2778 Adde,
1514 2733 1617 2780 quod
1636 2739 1676 2768 et

42 2789 307 2837 Philippucius
326 2791 504 2836 affirmat,
524 2802 566 2825 se
586 2802 634 2825 ex
654 2790 770 2825 variis
790 2803 909 2826 unum
934 2803 1091 2827 carmen
1109 2793 1391 2839 composuisse,
1422 2793 1523 2840 quod
1541 2793 1672 2839 lingua

44 2849 266 2885 Lusitanica
284 2850 362 2885 illic
381 2850 531 2895 vulgari
550 2850 717 2885 maxime
736 2851 775 2885 in
794 2862 865 2886 usu
885 2857 967 2886 erat
984 2851 1023 2887 in
1047 2852 1170 2897 India,
1190 2852 1395 2900 ipsumque
1414 2853 1452 2887 in
1478 2853 1672 2899 Europam

48 2908 240 2946 misisse.»
260 2910 355 2944 Tam
373 2910 573 2956 hymnum,
593 2921 707 2956 quam
725 2911 1028 2955 annotationem,
1050 2923 1097 2946 ex
1117 2912 1307 2947 Drebitka
1325 2911 1596 2948 describimus.
