2018 3510
300 179 371 215 326
800 181 1075 218 MONUMENTA
1101 182 1354 218 XAVERIANA

1029 380 1113 419 ‘29

345 469 695 513 FRANCISCO
726 470 1112 522 MANSILHAS,
1139 472 1225 515 AD
1250 472 1430 515 ORAM
1452 472 1797 516 PISCARIAM

633 576 1029 632 Virandapatanao
1053 590 1107 632 23
1132 578 1177 635 (?)
1195 578 1321 636 Junii
1349 590 1460 634 1544
1483 581 1510 621 ¹.

257 681 552 729 Neophytorum
577 683 758 718 omnium
780 685 816 717 et
830 684 1072 729 praesertim
1088 685 1361 731 parvulorum
1387 686 1581 732 baptismo
1604 685 1901 720 abluendorum·

329 743 538 777 assiduam
557 754 698 777 curam
717 743 795 788 ipsi
809 744 1187 779 commendat.—De
1205 756 1276 780 suo
1290 746 1462 780 discessu
1475 745 1689 780 Manarem
1703 756 1840 780 versus
1853 747 1908 780 ut*

329 802 561 837 christianis
579 805 691 848 opem
702 801 832 848 ferat.

358 910 389 940 Ι.
455 896 599 940 Muito
636 911 716 939 vos
745 899 1102 951 emcommendo,
1136 899 1398 943 charissimo
1428 901 1587 952 Irmao,
1629 914 1716 955 que
1753 899 1896 944 conti-

264 981 506 1018 nuamente
529 973 684 1017 andeis
707 975 1011 1018 descorrendo
1034 990 1059 1019 e
1082 976 1415 1032 peregrinando
1437 991 1520 1033 por
1543 984 1640 1021 esta
1660 984 1788 1033 parte
1810 977 1824 997 ²
1844 977 1908 1020 de-

264 1051 397 1107 lugar
418 1065 489 1094 em
511 1051 659 1106 lugar,
684 1050 956 1106 baptizando
974 1067 1023 1095 as
1046 1052 1248 1115 criancas
1271 1068 1361 1109 que
1383 1068 1580 1107 nascem3
1601 1070 1626 1098 e
1649 1053 1762 1097 fazei
1785 1054 1799 1075 ⁵
1818 1068 1900 1097 en-

267 1127 387 1171 sinar
409 1143 490 1183 por
513 1128 643 1171 todos
662 1142 713 1171 os
736 1128 920 1185 lugares
943 1145 992 1173 as
1015 1144 1248 1185 oracoens,
1274 1131 1408 1174 assim
1433 1146 1511 1174 aos
1540 1130 1746 1176 meninos
1773 1144 1904 1174 como

267 1220 344 1248 aos
367 1206 561 1248 adultos.
588 1205 742 1249 Fareis
765 1206 944 1261 ajuntar
968 1221 1018 1250 os
1040 1209 1230 1252 homens
1252 1212 1278 1251 a
1306 1210 1445 1251 huma
1473 1215 1600 1264 parte
1627 1210 1737 1251 hum
1765 1208 1854 1262 dia,
1879 1222 1904 1251 e

267 1297 316 1326 as
339 1283 563 1326 molheres
584 1284 694 1325 hum
718 1282 791 1326 dia
813 1287 839 1345 a
862 1291 1008 1337 outra,
1030 1300 1055 1329 e
1071 1284 1207 1341 digao
1230 1300 1279 1328 as
1297 1300 1513 1340 oracoens
1536 1300 1607 1329 em
1629 1300 1735 1329 suas
1757 1299 1903 1329 cazas.

269 1359 404 1404 Olhai
425 1374 514 1414 que
536 1374 617 1403 vos
651 1362 995 1404 emcommendo
1025 1376 1114 1418 que
1142 1376 1213 1405 ern
1241 1364 1444 1407 nenhum
1472 1364 1605 1419 lugar
1634 1362 1816 1407 esteiais
1852 1364 1908 1406 de

269 1436 485 1491 assiento,
511 1452 607 1479 mas
636 1451 724 1492 que
754 1438 911 1483 andeis
939 1453 1116 1495 sempre
1147 1440 1449 1483 descorrendo
1478 1455 1560 1496 por
1592 1441 1741 1492 todos,
1777 1454 1907 1483 como

271 1529 328 1558 eu
352 1514 464 1557 fazia
488 1515 669 1569 quando
693 1515 735 1557 la
757 1522 912 1559 estava
933 1530 958 1559 e
982 1531 1121 1573 agora
1144 1517 1243 1572 saco
1266 1521 1355 1572 qua
1379 1517 1393 1537 ¹*
1417 1532 1496 1573 por
1527 1518 1645 1560 onde
1673 1517 1806 1569 ando,
1833 1532 1906 1561 se—

270 1595 358 1634 nao
381 1598 551 1647 quanto
574 1592 661 1635 fico
685 1606 739 1635 ao
761 1599 973 1648 presente
1001 1608 1096 1637 sem
1130 1600 1261 1649 topaz
1290 1608 1315 1636 e
1344 1594 1605 1650 interprete:
1638 1609 1663 1639 e
1690 1609 1771 1650 por
1801 1593 1906 1650 aqui

270 1668 417 1713 vereis
444 1684 470 1712 a
491 1668 595 1712 vida
632 1683 720 1724 que
753 1670 856 1714 levo
886 1685 911 1714 e
945 1670 1140 1726 praticas
1168 1685 1256 1726 que
1286 1672 1399 1727 saco.
1434 1671 1622 1727 Baptizo
1650 1670 1830 1715 todavia
1858 1685 1907 1713 as

272 1745 491 1800 criancas,
526 1760 698 1802 porque
732 1761 840 1802 para
867 1762 969 1790 esso
997 1752 1083 1791 nao
1110 1749 1199 1803 hey
1227 1748 1382 1792 mister
1420 1755 1567 1805 topaZ,
1594 1764 1619 1793 e
1656 1763 1706 1792 os
1743 1748 1910 1804 pobres

273 1837 368 1867 sem
405 1822 652 1879 interprete
690 1838 762 1868 me
798 1829 995 1868 mostrao
1033 1839 1139 1868 suas
1175 1825 1508 1878 necessidades,
1549 1840 1574 1869 e
1607 1840 1665 1869 eu
1702 1840 1752 1869 os
1789 1825 1908 1881 vejo.

346 1982 357 2003 ¹
408 1984 466 2018 Ex
484 1984 567 2018 cod.
584 1983 697 2026 Adae„
718 1983 789 2019 fol.
813 1985 858 2029 76
873 1997 903 2020 r.
930 1985 1048 2020 Extat
1071 1985 1278 2032 hispanum
1303 1987 1526 2033 exemplum
1550 1987 1589 2022 in
1607 1987 1687 2023 cod.
1713 1986 1920 2033 Villarej.‚.

277 2043 339 2078 2.²³
357 2048 471 2089 part.7
490 2054 575 2090 cap.
597 2051 640 2088 5,.
657 2044 762 2090 quod
783 2043 946 2080 inferius
969 2045 1273 2081 damus.—Vide
1296 2046 1532 2092 TURSELL.,
1553 2046 1620 2082 lib.
1642 2047 1673 2093 Ι,
1696 2058 1757 2093 ep.
1778 2046 1814 2081 6:
1836 2045 1915 2082 CU-

277 2109 407 2147 TILL.,
426 2113 527 2136 anno
545 2110 650 2148 1544,
666 2114 727 2149 ep.
749 2113 783 2137 2:
805 2104 992 2148 MENCH.,
1013 2104 1084 2140 lib.
1107 2105 1138 2151 Ι,
1155 2117 1217 2152 ep.
1238 2113 1296 2150 25.

348 2161 408 2195 De
427 2160 648 2207 scriptionis
672 2161 788 2208 hujus
816 2163 1004 2209 epistolae
1029 2169 1204 2211 tempore
1223 2165 1319 2200 haec
1343 2165 1458 2200 habe:
1484 2165 1529 2200 In
1553 2166 1792 2212 paragrapho
1816 2174 1837 2200 2
1861 2164 1915 2199 ait

278 2219 470 2254 Xaverius
489 2231 531 2254 se
549 2226 726 2266 paratum
745 2233 833 2256 esse
852 2228 895 2257 ut
913 2223 1045 2258 statim
1064 2235 1178 2270 opem
1204 2223 1304 2259 ferat
1324 2224 1561 2268 christianis,
1578 2236 1627 2260 ex
1641 2236 1707 2259 ora
1721 2223 1922 2260 Piscariaev

278 2280 328 2314 ob
342 2279 579 2324 badagarum
594 2281 908 2327 persecutionem
924 2282 1114 2329 profugis.
1132 2283 1247 2320 Unde
1262 2283 1363 2318 inter
1378 2282 1482 2318 diem
1498 2292 1542 2318 22
1558 2284 1680 2330 Junii,
1694 2295 1770 2331 quo
1785 2295 1924 2319 exara*

278 2344 317 2373 ta
330 2338 403 2373 fuit
421 2339 584 2385 epistola
598 2340 788 2386 superior,
805 2341 959 2388 quando
979 2343 1074 2378 nihil
1089 2342 1138 2378 de
1155 2342 1454 2378 christianorum
1469 2342 1664 2378 aerumnis
1679 2343 1829 2378 sciebat
1842 2343 1916 2378 Xa-

279 2396 425 2443 verius,
444 2402 483 2432 et
506 2396 553 2432 30
577 2399 698 2444 Junii,
719 2412 795 2446 quo
821 2400 884 2436 die
909 2413 958 2436 ex
983 2402 1189 2449 Manapare
1207 2404 1298 2446 (huc
1324 2402 1526 2437 christiani
1551 2402 1822 2447 confugerant)
1840 2400 1918 2448 epi*

281 2456 419 2491 stolam
433 2454 478 2490 30
493 2456 613 2503 misit,
629 2459 835 2494 scribenda
849 2459 940 2495 fuit.
961 2461 1075 2496 Nunc
1090 2473 1198 2507 vero,
1214 2461 1325 2497 initio
1340 2462 1530 2508 epistolae
1544 2460 1590 2496 30
1604 2461 1757 2497 dicitur:
1776 2462 1925 2507 «Terea

281 2514 378 2550 seira
395 2515 561 2560 cheguei
580 2528 601 2551 a
619 2517 841 2564 Manapar»,
860 2519 886 2555 i.
908 2531 957 2563 e.‚
980 2519 1044 2555 die
1062 2530 1121 2565 24,
1143 2521 1287 2556 Sancto
1306 2521 1449 2567 Joanni
1466 2520 1666 2567 Baptistae
1690 2531 1814 2566 sacro,
1834 2531 1927 2555 namt

283 2584 384 2609 anno
405 2582 496 2618 1544
525 2574 609 2610 dies
637 2577 863 2622 trigesimus
888 2578 996 2625 Junii
1014 2579 1152 2615 incidit
1176 2580 1215 2615 in
1240 2579 1453 2615 secundam
1479 2579 1631 2626 feriam,
1657 2579 1825 2627 ideoque
1849 2571 1949 2614 ter-⁵

284 2633 339 2668 tia
354 2632 451 2668 feria
469 2634 765 2679 praecedens-in
783 2637 887 2672 diem
906 2647 964 2683 24.
985 2638 1111 2684 Igitur
1128 2639 1295 2685 epistola
1313 2639 1458 2686 scripta
1481 2639 1556 2675 fuit
1578 2638 1679 2674 inter
1702 2638 1787 2674 dies
1811 2647 1857 2674 22
1886 2643 1931 2674 et:

286 2701 332 2737 24
349 2691 470 2738 Junii.
491 2692 801 2731 Subdubitantes
820 2708 914 2732 vero
933 2697 1160 2745 scripsimus
1177 2698 1281 2734 diem
1301 2697 1361 2743 23,
1380 2698 1471 2745 quia
1494 2698 1687 2745 potuisset
1711 2698 1796 2745 ipsa
1819 2697 1929 2744 vige-

287 2751 384 2787 sima
401 2752 573 2787 secunda
586 2752 650 2788 die
668 2766 848 2801 vespere,
868 2758 931 2792 vel
951 2757 1144 2803 vigesima
1161 2763 1298 2805 quarta
1317 2769 1430 2793 mane
1444 2757 1652 2804 proficisci3
1669 2763 1708 2794 et
1722 2757 1778 2793 sic
1792 2757 1931 2793 imme—

286 2809 392 2845 diate
409 2815 500 2845 ante
518 2811 801 2857 profectionem
819 2815 918 2850 hanc
933 2815 1140 2862 epistolam
1159 2828 1336 2852 exarare.

359 2871 373 2892 2
423 2870 564 2905 Melius
583 2870 622 2906 in
637 2873 721 2907 cod.
751 2873 951 2919 Villarej„
975 2886 1067 2921 «por
1085 2875 1177 2911 toda
1195 2887 1262 2912 esa
1279 2881 1426 2912 costa».

360 2930 375 2950 ³
425 2928 566 2976 fazem,
584 2942 663 2966 ms,

361 2990 376 3010 ⁴
423 2989 478 3036 {a
499 2990 572 3025 hoc
589 2990 704 3025 modo
723 2991 817 3026 alias
837 2992 973 3027 scribit
993 2995 1155 3029 verbum
1173 3006 1253 3040 qua
1270 2996 1393 3038 (recte
1413 2994 1615 3041 scripturn,
1635 2995 1714 3040 σά).
