2018 3510
343 234 412 271 250
839 228 1114 263 MoNUMENTA
1144 226 1396 262 XAvEmANA

1079 438 1152 478 η

616 543 843 587 secus
880 541 1125 586 ROMAE
1162 505 1615 583 DEGENTI'BUS

753 650 854 692 Goa
887 661 942 691 20
974 645 1254 703 Septembris
1292 656 1400 700 1542
1438 646 1464 688 ¹.

296 760 586 808 Navigationis
609 762 789 803 initiam,
815 761 967 795 labores
990 762 1025 795 et
1049 758 1362 794 diuturnitatem
1382 754 1931 803 persequitur.—Charitatis

367 819 513 866 officia,
534 823 620 855 tum
640 821 683 855 in
701 821 799 855 navi
817 823 902 854 turn
924 820 967 854 in
986 819 1123 854 insula
1142 817 1397 858 Ilffozarnbico,
1424 828 1449 851 a
1473 827 1511 851 se
1539 818 1576 850 et
1599 827 1624 850 α
1648 815 1762 849 sociis
1785 813 1929 849 exerci-

364 879 658 915 ta.—Camerte
677 883 712 914 et
731 879 927 914 Mafnsilla
945 880 989 914 in
1006 879 1079 913 hac
1096 877 1233 913 insula
1251 877 1416 917 relictis,
1436 877 1517 922 ipse
1536 875 1758 910 Melindam
1783 875 1819 908 et
1838 872 1930 908 inde

367 937 495 973 Goarn
511 940 675 984 petit.—
688 939 813 973 Varia
831 939 877 973 de
896 937 1136 973 AVIelindana
1153 936 1248 971 urbe
1267 934 1647 971 enarrantur.—De
1666 933 1801 968 insula
1821 932 1932 967 Soco-

367 1001 469 1042 tora,
491 1000 538 1034 de
557 999 734 1033 moribus
751 996 1179 1033 incolarum.—Goam
1199 995 1382 1042 attingit:
1409 994 1561 1029 labores
1584 993 1728 1028 ibidem
1748 1004 1772 1026 a
1795 1003 1833 1027 se
1850 1002 1930 1026 sus-

367 1058 481 1104 cepti:
523 1059 719 1104 expeditio
754 1058 807 1092 ad
835 1056 1162 1103 promontorium
1212 1053 1488 1089 Cornorinmn.
1504 1073 1550 1078 —
1572 1053 1705 1087 Vitam
1752 1051 1932 1098 operarii

366 1118 591 1164 evangelici
604 1118 769 1164 plenam
789 1117 949 1162 quidem
968 1115 1117 1150 laboris
1135 1126 1213 1150 esse
1223 1113 1401 1160 fatetur,
1422 1113 1576 1148 coelesti
1600 1115 1731 1146 tamen
1757 1110 1930 1145 consola-

362 1177 469 1212 tione
487 1188 567 1211 που,
585 1175 898 1211 carere-Mira
912 1175 1044 1210 animi
1067 1174 1304 1210 demissione
1334 1173 1522 1219 epistolas
1552 1174 1588 1207 et
1617 1170 1786 1206 consilia
1815 1170 1927 1204 soda-

366 1236 468 1271 lium
488 1235 724 1282 expostulat.

1101 1315 1129 1374 ,

391 1408 505 1451 Gra.
547 1411 585 1449 et
600 1412 692 1462 paz
728 1406 920 1449 Domini
956 1406 1103 1448 nostri
1143 1405 1226 1448 Y.u
1261 1405 1367 1460 Xpi.
1409 1405 1467 1447 sit
1499 1407 1660 1459 seraper
1692 1402 1920 1444 nobiscum.

299 1487 460 1528 Amen.

396 1574 432 1605 1.
499 1561 694 1617 Quando
717 1561 773 1605 de
794 1560 991 1604 Lisbona
1013 1559 1227 1616 partimos
1250 1561 1311 1603 M.
1342 1560 1485 1602 Paulo
1507 1559 1540 1611 2,
1566 1556 1808 1601 Francisco
1829 1562 1849 1583 a
1870 1557 1924 1599 de

300 1638 531 1682 Mansillas
547 1654 571 1682 e
588 1653 646 1694 yo
664 1639 696 1692 ³,
718 1653 770 1681 os
787 1641 959 1681 escrevi
977 1652 1085 1693 muy
1101 1638 1229 1693 largo
1245 1637 1302 1680 de
1324 1642 1508 1679 nuestra
1528 1634 1692 1679 venida
1708 1634 1729 1661 ¹³
1764 1648 1870 1690 para
1885 1634 1928 1676 la

301 1715 464 1768 Yndia3
490 1731 520 1771 y
543 1719 606 1758 asi
629 1718 801 1771 hagora
828 1716 948 1771 hago
970 1715 1014 1757 lo
1030 1713 1205 1768 mismo,
1225 1714 1398 1756 dandos
1414 1719 1542 1770 parte
1558 1713 1614 1756 de
1630 1718 1815 1755 nuestro
1831 1710 1927 1753 via-
1956 1731 1957 1737 =

299 1807 357 1848 ge
373 1808 403 1847 y
418 1793 597 1848 llegada
614 1808 669 1836 en
692 1793 734 1834 la
751 1791 915 1844 Yndia,
929 1805 1042 1847 pues
1059 1791 1239 1846 quando
1257 1791 1313 1835 de
1330 1797 1535 1833 vosotros
1552 1792 1666 1845 parti
1682 1795 1699 1815 ⁰
1710 1803 1781 1831 me
1798 1802 1926 1831 man-

297 1869 447 1912 dastes
465 1883 552 1924 que
570 1870 696 1913 fuese
713 1868 888 1911 solicito
905 1882 962 1911 en
979 1866 1226 1912 escreviros
1242 1881 1350 1922 muy
1367 1867 1495 1923 largo
1511 1867 1567 1909 de
1583 1872 1768 1909 nuestra
1783 1865 1925 1920 llega-

300 1946 357 1988 da
379 1961 436 1989 en
457 1953 577 1988 estas
599 1953 749 2001 partes
771 1946 828 1989 (16
849 1946 892 1988 16
921 1944 1085 1997 Yndia,
1117 1944 1245 1986 todas
1267 1944 1332 1986 las
1360 1957 1496 1987 vezes
1519 1957 1607 1998 que
1628 1956 1701 1985 ser
1721 1940 1920 1998 pudiese.

391 2034 433 2065 2.
500 2023 663 2078 Hagos
685 2023 815 2066 saber
838 2036 927 2076 que
955 2028 1185 2064 nossotros
1206 2020 1421 2077 partimos
1451 2021 1507 2064 de
1530 2019 1727 2062 Lisbona
1748 2032 1856 2074 para
1885 2017 1927 2059 la

300 2099 450 2142 Yndia
472 2103 497 2142 a
519 2099 632 2143 siete
655 2100 670 2119 ⁴
694 2100 751 2143 de
773 2098 904 2142 Abril
926 2098 962 2151 d,
989 2104 1076 2141 ano
1099 2099 1155 2142 de
1183 2108 1310 2152 1541,
1335 2113 1365 2153 y
1391 2098 1610 2153 llegamos
1638 2100 1663 2139 a
1683 2095 1833 2139 Yndia
1860 2101 1876 2120 e
1902 2097 1928 2137 a

301 2175 389 2218 seis
412 2176 468 2219 de
490 2178 624 2231 Mayo
645 2176 719 2218 del
741 2182 827 2219 afio
856 2186 964 2230 1542
1009 2175 1037 2228 f;
1063 2175 1120 2219 de
1147 2188 1330 2218 manera
1361 2189 1449 2229 que
1477 2172 1678 2230 pusimos
1707 2187 1764 2215 en
1786 2172 1829 2214 61
1850 2185 1926 2215 ca·
1986 2184 1988 2193 ’

371 2330 391 2350 a
418 2322 559 2358 Gracia
577 2327 617 2357 et
634 2335 704 2369 paz
723 2323 880 2358 Domini
898 2323 1021 2358 nostri
1039 2324 1135 2369 Jesu
1153 2322 1247 2369 Xpi.
1276 2321 1328 2357 sit
1352 2333 1506 2368 semper
1529 2321 1745 2356 vobiscum.
1775 2320 1917 2355 Arnen.

303 2381 468 2427 Quando
498 2381 546 2417 de
577 2382 753 2417 Lixbona
785 2381 969 2428 partimos
996 2381 1116 2417 Micer
1147 2382 1269 2417 Paulo
1300 2393 1320 2416 e
1347 2380 1566 2424 Francisco,
1598 2380 1773 2416 alterum
1803 2391 1928 2415 exem·

297 2441 434 2487 plum.
629 2442 649 2468 b
667 2441 714 2476 de
729 2441 781 2475 mi
795 2441 951 2488 venida,
972 2442 1045 2477 alt.
1237 2448 1254 2468 e
1275 2452 1336 2475 me
1353 2442 1467 2487 parti,
1488 2440 1561 2475 alt.
1751 2438 1771 2466 d
1787 2437 1926 2483 dabril,
1984 2435 1989 2462 ἱ

301 2500 375 2535 alt.
565 2508 582 2527 e
608 2503 629 2535 a
646 2502 682 2535 16
700 2501 823 2544 India,
848 2502 921 2536 alt.
1112 2500 1127 2528 f
1147 2499 1249 2536 Maio
1272 2499 1321 2535 de
1348 2507 1452 2545 1542,
1478 2499 1549 2534 alt.

377 2621 387 2641 ¹
438 2620 496 2654 Ex
522 2620 604 2656 cod.
634 2620 747 2654 Rom.
777 2623 935 2667 apogr„
955 2632 993 2657 n.
1017 2628 1073 2666 17,
1102 2620 1244 2667 triplici
1261 2619 1368 2655 folio.
1388 2620 1505 2655 Extat
1523 2617 1627 2654 aliud
1652 2618 1872 2665 exemplum
1889 2615 1928 2652 in
1982 2623 1988 2662 j

305 2678 443 2713 eodem
461 2678 609 2722 codice,
635 2691 673 2713 n.
703 2687 760 2725 19,
786 2680 898 2725 cujus
922 2679 1049 2715 varias
1073 2680 1262 2716 lectiones
1287 2679 1327 2714 in
1350 2683 1510 2714 annotat
1543 2674 1930 2713 indicamus.—Vide
1990 2682 1991 2690 ¹

304 2738 512 2782 TURSELL,
545 2737 617 2773 lib.
652 2738 684 2781 I,
722 2749 783 2784 ep.
819 2746 850 2773 1:
885 2738 1071 2783 CUT1LL.,
1103 2751 1204 2774 anno
1238 2747 1327 2783 1542
1357 2738 1417 2781 (18
1442 2735 1713 2784 Septembris):
1746 2736 1930 2780 MENCH.,

304 2797 377 2833 lib.
401 2797 433 2843 1,
449 2808 514 2843 ep.
543 2805 602 2832 10.

374 2859 388 2878 ²
439 2856 482 2891 P.
503 2857 647 2892 Paulus
664 2855 838 2892 Camers.

375 2917 389 2937 ⁵
438 2915 566 2951 Etiam
584 2927 651 2951 eos
670 2915 877 2951 comitatus
896 2921 957 2951 est
974 2916 1109 2951 Frater
1127 2915 1299 2951 Didaeus
1317 2915 1553 2961 Rodriguez,
1573 2921 1615 2951 ut
1633 2915 1673 2950 in
1691 2914 1806 2962 epist.
1831 2923 1853 2959 9
1876 2909 1930 2948 di·
1980 2925 1991 2940 ν

305 2986 448 3011 ximus.
1560 3015 1562 3019 .

374 3037 389 3057 ⁴
438 3034 603 3070 Cutillas
621 3034 676 3070 ait
693 3033 756 3069 die
774 3032 811 3079 6,
830 3032 931 3080 quod
949 3034 1278 3080 typographorum
1296 3033 1437 3069 mendo
1455 3032 1575 3069 tribui
1591 3033 1723 3069 debet.
