<?xml version="1.0" encoding="UTF-8"?>
<!DOCTYPE html PUBLIC "-//W3C//DTD XHTML 1.0 Transitional//EN"
    "http://www.w3.org/TR/xhtml1/DTD/xhtml1-transitional.dtd">
<html xmlns="http://www.w3.org/1999/xhtml" xml:lang="en" lang="en">
 <head>
  <title>
</title>
<meta http-equiv="Content-Type" content="text/html;charset=utf-8" />
  <meta name='ocr-system' content='tesseract 3.04.00' />
  <meta name='ocr-capabilities' content='ocr_page ocr_carea ocr_par ocr_line ocrx_word'/>
</head>
<body>
  <div class='ocr_page' id='page_1' title='image "./monumentaxaveria1601fran_0728.png"; bbox 0 0 2049 3360; ppageno 0'>
   <div class='ocr_carea' id='block_1_1' title="bbox 407 207 1438 260">
    <p class='ocr_par' dir='ltr' id='par_1_1' title="bbox 407 207 1438 260">
     <span class='ocr_line' id='line_1_1' title="bbox 407 207 1438 260; baseline -0.003 -11"><span class='ocrx_word' id='word_1_1' title='bbox 407 213 475 260; x_wconf 78' lang='lat'>690</span> <span class='ocrx_word' id='word_1_2' title='bbox 891 207 1162 247; x_wconf 79' lang='lat' dir='ltr'><strong>MONUMENTA</strong></span> <span class='ocrx_word' id='word_1_3' title='bbox 1189 209 1438 246; x_wconf 73' lang='lat' dir='ltr'><strong>XAVERIANA</strong></span> 
     </span>
    </p>
   </div>
   <div class='ocr_carea' id='block_1_2' title="bbox 350 310 1972 1141">
    <p class='ocr_par' dir='ltr' id='par_1_2' title="bbox 350 310 1972 1141">
     <span class='ocr_line' id='line_1_2' title="bbox 362 310 1972 371; baseline -0.003 -12"><span class='ocrx_word' id='word_1_4' title='bbox 362 330 485 371; x_wconf 83' lang='lat' dir='ltr'>mays</span> <span class='ocrx_word' id='word_1_5' title='bbox 522 312 780 357; x_wconf 82' lang='lat' dir='ltr'>fauorecido</span> <span class='ocrx_word' id='word_1_6' title='bbox 800 312 856 355; x_wconf 94' lang='lat' dir='ltr'>de</span> <span class='ocrx_word' id='word_1_7' title='bbox 879 313 1003 355; x_wconf 87' lang='lat' dir='ltr'>Xaca</span> <span class='ocrx_word' id='word_1_8' title='bbox 1032 326 1058 354; x_wconf 95' lang='grc'>0</span> <span class='ocrx_word' id='word_1_9' title='bbox 1089 310 1251 354; x_wconf 87' lang='lat' dir='ltr'>Amida</span> <span class='ocrx_word' id='word_1_10' title='bbox 1280 325 1337 354; x_wconf 92' lang='lat' dir='ltr'>ou</span> <span class='ocrx_word' id='word_1_11' title='bbox 1366 311 1446 353; x_wconf 88' lang='lat' dir='ltr'>dos</span> <span class='ocrx_word' id='word_1_12' title='bbox 1473 317 1640 354; x_wconf 90' lang='lat' dir='ltr'>outros.</span> <span class='ocrx_word' id='word_1_13' title='bbox 1669 311 1817 354; x_wconf 86' lang='lat' dir='ltr'>Todos</span> <span class='ocrx_word' id='word_1_14' title='bbox 1854 318 1972 356; x_wconf 87' lang='lat' dir='ltr'>estes</span> 
     </span>
     <span class='ocr_line' id='line_1_3' title="bbox 361 388 1972 445; baseline -0.002 -9"><span class='ocrx_word' id='word_1_15' title='bbox 361 407 483 437; x_wconf 88' lang='lat' dir='ltr'>erros</span> <span class='ocrx_word' id='word_1_16' title='bbox 516 399 605 434; x_wconf 88' lang='lat' dir='ltr'>tem</span> <span class='ocrx_word' id='word_1_17' title='bbox 633 390 889 445; x_wconf 76' lang='lat' dir='ltr'>imsynados</span> <span class='ocrx_word' id='word_1_18' title='bbox 920 403 969 431; x_wconf 90' lang='lat' dir='ltr'>os</span> <span class='ocrx_word' id='word_1_19' title='bbox 997 389 1197 439; x_wconf 89' lang='lat' dir='ltr'>bomzos,</span> <span class='ocrx_word' id='word_1_20' title='bbox 1229 402 1278 430; x_wconf 93' lang='lat' dir='ltr'>os</span> <span class='ocrx_word' id='word_1_21' title='bbox 1301 401 1439 442; x_wconf 82' lang='lat' dir='ltr'>quaes</span> <span class='ocrx_word' id='word_1_22' title='bbox 1461 390 1688 443; x_wconf 75' lang='lat' dir='ltr'>pregauao</span> <span class='ocrx_word' id='word_1_23' title='bbox 1710 388 1921 440; x_wconf 83' lang='lat' dir='ltr'>tambem‚</span> <span class='ocrx_word' id='word_1_24' title='bbox 1946 403 1972 432; x_wconf 92' lang='lat' dir='ltr'>e</span> 
     </span>
     <span class='ocr_line' id='line_1_4' title="bbox 361 463 1972 524; baseline -0.003 -12"><span class='ocrx_word' id='word_1_25' title='bbox 361 468 519 512; x_wconf 83' lang='lat' dir='ltr'>acudia</span> <span class='ocrx_word' id='word_1_26' title='bbox 542 474 693 524; x_wconf 83' lang='lat' dir='ltr'>gemte</span> <span class='ocrx_word' id='word_1_27' title='bbox 714 471 762 509; x_wconf 75' lang='lat' dir='ltr'>as</span> <span class='ocrx_word' id='word_1_28' title='bbox 784 480 888 509; x_wconf 86' lang='lat' dir='ltr'>suas</span> <span class='ocrx_word' id='word_1_29' title='bbox 910 468 1170 522; x_wconf 73' lang='lat' dir='ltr'>pregaeoes,</span> <span class='ocrx_word' id='word_1_30' title='bbox 1202 479 1271 508; x_wconf 89' lang='lat' dir='ltr'>em</span> <span class='ocrx_word' id='word_1_31' title='bbox 1304 479 1353 507; x_wconf 88' lang='lat' dir='ltr'>as</span> <span class='ocrx_word' id='word_1_32' title='bbox 1375 478 1513 519; x_wconf 82' lang='lat' dir='ltr'>quaes</span> <span class='ocrx_word' id='word_1_33' title='bbox 1534 463 1676 507; x_wconf 75' lang='lat' dir='ltr'>diziao</span> <span class='ocrx_word' id='word_1_34' title='bbox 1704 471 1861 520; x_wconf 89' lang='lat' dir='ltr'>muyto</span> <span class='ocrx_word' id='word_1_35' title='bbox 1884 465 1972 507; x_wconf 87' lang='lat' dir='ltr'>mal</span> 
     </span>
     <span class='ocr_line' id='line_1_5' title="bbox 359 539 1967 599; baseline -0.003 -11"><span class='ocrx_word' id='word_1_36' title='bbox 359 546 414 588; x_wconf 93' lang='lat' dir='ltr'>de</span> <span class='ocrx_word' id='word_1_37' title='bbox 432 560 543 589; x_wconf 93' lang='lat' dir='ltr'>noso</span> <span class='ocrx_word' id='word_1_38' title='bbox 561 546 701 596; x_wconf 86' lang='lat' dir='ltr'>Deus,</span> <span class='ocrx_word' id='word_1_39' title='bbox 722 559 809 599; x_wconf 88' lang='lat' dir='ltr'>que</span> <span class='ocrx_word' id='word_1_40' title='bbox 826 545 933 587; x_wconf 88' lang='lat' dir='ltr'>hera</span> <span class='ocrx_word' id='word_1_41' title='bbox 950 544 1086 584; x_wconf 86' lang='lat' dir='ltr'>huma</span> <span class='ocrx_word' id='word_1_42' title='bbox 1103 555 1266 584; x_wconf 85' lang='lat' dir='ltr'>coussa</span> <span class='ocrx_word' id='word_1_43' title='bbox 1284 555 1385 583; x_wconf 89' lang='lat' dir='ltr'>nam</span> <span class='ocrx_word' id='word_1_44' title='bbox 1404 539 1648 595; x_wconf 64' lang='lat' dir='ltr'>eonheeida</span> <span class='ocrx_word' id='word_1_45' title='bbox 1665 555 1767 585; x_wconf 89' lang='lat' dir='ltr'>nem</span> <span class='ocrx_word' id='word_1_46' title='bbox 1786 540 1967 593; x_wconf 88' lang='lat' dir='ltr'>ouvida,</span> 
     </span>
     <span class='ocr_line' id='line_1_6' title="bbox 358 616 1971 678; baseline -0.003 -13"><span class='ocrx_word' id='word_1_47' title='bbox 358 637 445 678; x_wconf 92' lang='lat' dir='ltr'>que</span> <span class='ocrx_word' id='word_1_48' title='bbox 474 627 560 665; x_wconf 74' lang='lat' dir='ltr'>nao</span> <span class='ocrx_word' id='word_1_49' title='bbox 588 620 720 678; x_wconf 87' lang='lat' dir='ltr'>podia</span> <span class='ocrx_word' id='word_1_50' title='bbox 756 619 909 663; x_wconf 87' lang='lat' dir='ltr'>deixar</span> <span class='ocrx_word' id='word_1_51' title='bbox 931 619 986 662; x_wconf 91' lang='lat' dir='ltr'>de</span> <span class='ocrx_word' id='word_1_52' title='bbox 1017 632 1088 661; x_wconf 85' lang='lat' dir='ltr'>ser</span> <span class='ocrx_word' id='word_1_53' title='bbox 1116 619 1223 660; x_wconf 89' lang='lat' dir='ltr'>hum</span> <span class='ocrx_word' id='word_1_54' title='bbox 1256 618 1440 673; x_wconf 79' lang='lat' dir='ltr'>gramde</span> <span class='ocrx_word' id='word_1_55' title='bbox 1469 616 1692 669; x_wconf 88' lang='lat' dir='ltr'>demonio,</span> <span class='ocrx_word' id='word_1_56' title='bbox 1723 632 1748 661; x_wconf 93' lang='lat' dir='ltr'>e</span> <span class='ocrx_word' id='word_1_57' title='bbox 1775 632 1862 673; x_wconf 92' lang='lat' dir='ltr'>que</span> <span class='ocrx_word' id='word_1_58' title='bbox 1890 621 1971 660; x_wconf 85' lang='lat' dir='ltr'>nos</span> 
     </span>
     <span class='ocr_line' id='line_1_7' title="bbox 357 694 1971 753; baseline -0.003 -11"><span class='ocrx_word' id='word_1_59' title='bbox 357 702 563 742; x_wconf 88' lang='lat' dir='ltr'>heramos</span> <span class='ocrx_word' id='word_1_60' title='bbox 585 697 826 753; x_wconf 71' lang='lat' dir='ltr'>disoipolos</span> <span class='ocrx_word' id='word_1_61' title='bbox 856 697 914 738; x_wconf 92' lang='lat' dir='ltr'>do</span> <span class='ocrx_word' id='word_1_62' title='bbox 943 695 1169 747; x_wconf 81' lang='lat' dir='ltr'>demoni03</span> <span class='ocrx_word' id='word_1_63' title='bbox 1204 709 1291 749; x_wconf 92' lang='lat' dir='ltr'>que</span> <span class='ocrx_word' id='word_1_64' title='bbox 1320 709 1368 738; x_wconf 92' lang='lat' dir='ltr'>se</span> <span class='ocrx_word' id='word_1_65' title='bbox 1399 694 1666 750; x_wconf 86' lang='lat' dir='ltr'>guardasem</span> <span class='ocrx_word' id='word_1_66' title='bbox 1689 695 1746 738; x_wconf 92' lang='lat' dir='ltr'>de</span> <span class='ocrx_word' id='word_1_67' title='bbox 1783 701 1925 737; x_wconf 86' lang='lat' dir='ltr'>tomar</span> <span class='ocrx_word' id='word_1_68' title='bbox 1946 709 1971 737; x_wconf 89' lang='lat' dir='ltr'>a</span> 
     </span>
     <span class='ocr_line' id='line_1_8' title="bbox 355 771 1970 832; baseline -0.004 -13"><span class='ocrx_word' id='word_1_69' title='bbox 355 777 428 832; x_wconf 76' lang='lat' dir='ltr'>ley</span> <span class='ocrx_word' id='word_1_70' title='bbox 453 791 540 831; x_wconf 91' lang='lat' dir='ltr'>que</span> <span class='ocrx_word' id='word_1_71' title='bbox 564 778 876 832; x_wconf 81' lang='lat' dir='ltr'>pregauamos,</span> <span class='ocrx_word' id='word_1_72' title='bbox 902 787 1071 828; x_wconf 90' lang='lat' dir='ltr'>porque</span> <span class='ocrx_word' id='word_1_73' title='bbox 1093 776 1118 814; x_wconf 74' lang='lat' dir='ltr'>a</span> <span class='ocrx_word' id='word_1_74' title='bbox 1140 786 1218 814; x_wconf 86' lang='lat' dir='ltr'>ora</span> <span class='ocrx_word' id='word_1_75' title='bbox 1240 786 1326 827; x_wconf 88' lang='lat' dir='ltr'>que</span> <span class='ocrx_word' id='word_1_76' title='bbox 1349 771 1444 815; x_wconf 88' lang='lat' dir='ltr'>fose</span> <span class='ocrx_word' id='word_1_77' title='bbox 1461 786 1487 814; x_wconf 97' lang='lat' dir='ltr'>o</span> <span class='ocrx_word' id='word_1_78' title='bbox 1510 785 1642 813; x_wconf 85' lang='lat' dir='ltr'>nosso</span> <span class='ocrx_word' id='word_1_79' title='bbox 1664 772 1788 814; x_wconf 91' lang='lat' dir='ltr'>Deus</span> <span class='ocrx_word' id='word_1_80' title='bbox 1810 771 1970 814; x_wconf 90' lang='lat' dir='ltr'>adora-</span> 
     </span>
     <span class='ocr_line' id='line_1_9' title="bbox 355 847 1967 910; baseline -0.003 -15"><span class='ocrx_word' id='word_1_81' title='bbox 355 853 414 895; x_wconf 91' lang='lat' dir='ltr'>do</span> <span class='ocrx_word' id='word_1_82' title='bbox 438 868 506 897; x_wconf 88' lang='lat' dir='ltr'>em</span> <span class='ocrx_word' id='word_1_83' title='bbox 524 855 682 910; x_wconf 81' lang='lat' dir='ltr'>Japao‚</span> <span class='ocrx_word' id='word_1_84' title='bbox 709 866 796 906; x_wconf 88' lang='lat' dir='ltr'>que</span> <span class='ocrx_word' id='word_1_85' title='bbox 814 852 953 907; x_wconf 77' lang='lat' dir='ltr'>Japao</span> <span class='ocrx_word' id='word_1_86' title='bbox 982 851 1089 892; x_wconf 90' lang='lat' dir='ltr'>hera</span> <span class='ocrx_word' id='word_1_87' title='bbox 1118 847 1315 904; x_wconf 88' lang='lat' dir='ltr'>perdido.</span> <span class='ocrx_word' id='word_1_88' title='bbox 1340 849 1482 903; x_wconf 90' lang='lat' dir='ltr'>Mays;</span> <span class='ocrx_word' id='word_1_89' title='bbox 1509 847 1701 903; x_wconf 87' lang='lat' dir='ltr'>quamdo</span> <span class='ocrx_word' id='word_1_90' title='bbox 1723 850 1967 904; x_wconf 74' lang='lat' dir='ltr'>pregauao,</span> 
     </span>
     <span class='ocr_line' id='line_1_10' title="bbox 357 923 1969 986; baseline -0.002 -15"><span class='ocrx_word' id='word_1_91' title='bbox 357 930 700 986; x_wconf 65' lang='lat' dir='ltr'>imterpretauao</span> <span class='ocrx_word' id='word_1_92' title='bbox 723 942 749 970; x_wconf 95' lang='grc'>0</span> <span class='ocrx_word' id='word_1_93' title='bbox 774 941 902 969; x_wconf 81' lang='lat' dir='ltr'>nome</span> <span class='ocrx_word' id='word_1_94' title='bbox 925 927 980 970; x_wconf 91' lang='lat' dir='ltr'>de</span> <span class='ocrx_word' id='word_1_95' title='bbox 1008 927 1133 968; x_wconf 87' lang='lat' dir='ltr'>Deus</span> <span class='ocrx_word' id='word_1_96' title='bbox 1155 939 1282 967; x_wconf 84' lang='lat' dir='ltr'>como</span> <span class='ocrx_word' id='word_1_97' title='bbox 1305 925 1396 969; x_wconf 90' lang='lat' dir='ltr'>eles</span> <span class='ocrx_word' id='word_1_98' title='bbox 1425 923 1624 980; x_wconf 70' lang='lat' dir='ltr'>queriao,</span> <span class='ocrx_word' id='word_1_99' title='bbox 1656 923 1860 967; x_wconf 91' lang='lat' dir='ltr'>dizemdo</span> <span class='ocrx_word' id='word_1_100' title='bbox 1883 938 1969 979; x_wconf 90' lang='lat' dir='ltr'>que</span> 
     </span>
     <span class='ocr_line' id='line_1_11' title="bbox 356 1000 1968 1061; baseline -0.004 -10"><span class='ocrx_word' id='word_1_101' title='bbox 356 1009 481 1051; x_wconf 88' lang='lat' dir='ltr'>Deus</span> <span class='ocrx_word' id='word_1_102' title='bbox 503 1021 527 1050; x_wconf 90' lang='grc'>6</span> <span class='ocrx_word' id='word_1_103' title='bbox 550 1006 709 1061; x_wconf 85' lang='lat' dir='ltr'>dajuzo</span> <span class='ocrx_word' id='word_1_104' title='bbox 732 1009 808 1047; x_wconf 68' lang='lat' dir='ltr'>sao</span> <span class='ocrx_word' id='word_1_105' title='bbox 830 1005 885 1046; x_wconf 90' lang='lat' dir='ltr'>de</span> <span class='ocrx_word' id='word_1_106' title='bbox 907 1005 1043 1046; x_wconf 85' lang='lat' dir='ltr'>huma</span> <span class='ocrx_word' id='word_1_107' title='bbox 1066 1017 1233 1046; x_wconf 83' lang='lat' dir='ltr'>mesma</span> <span class='ocrx_word' id='word_1_108' title='bbox 1255 1015 1403 1044; x_wconf 86' lang='lat' dir='ltr'>cousa.</span> <span class='ocrx_word' id='word_1_109' title='bbox 1432 1001 1604 1057; x_wconf 86' lang='lat' dir='ltr'>Dajuzo</span> <span class='ocrx_word' id='word_1_110' title='bbox 1627 1016 1696 1045; x_wconf 93' lang='lat' dir='ltr'>em</span> <span class='ocrx_word' id='word_1_111' title='bbox 1725 1000 1892 1057; x_wconf 82' lang='lat' dir='ltr'>limgoa</span> <span class='ocrx_word' id='word_1_112' title='bbox 1914 1002 1968 1044; x_wconf 89' lang='lat' dir='ltr'>de</span> 
     </span>
     <span class='ocr_line' id='line_1_12' title="bbox 350 1077 1968 1141; baseline -0.004 -14"><span class='ocrx_word' id='word_1_113' title='bbox 350 1085 492 1141; x_wconf 77' lang='lat' dir='ltr'>Japao</span> <span class='ocrx_word' id='word_1_114' title='bbox 515 1097 625 1138; x_wconf 89' lang='lat' dir='ltr'>quer</span> <span class='ocrx_word' id='word_1_115' title='bbox 648 1081 768 1124; x_wconf 90' lang='lat' dir='ltr'>dizer</span> <span class='ocrx_word' id='word_1_116' title='bbox 791 1081 975 1133; x_wconf 67' lang='lat' dir='ltr'>gramde</span> <span class='ocrx_word' id='word_1_117' title='bbox 998 1079 1201 1130; x_wconf 83' lang='lat' dir='ltr'>mentira3</span> <span class='ocrx_word' id='word_1_118' title='bbox 1228 1093 1306 1134; x_wconf 89' lang='lat' dir='ltr'>por</span> <span class='ocrx_word' id='word_1_119' title='bbox 1329 1077 1394 1121; x_wconf 92' lang='lat' dir='ltr'>iso</span> <span class='ocrx_word' id='word_1_120' title='bbox 1417 1092 1503 1133; x_wconf 90' lang='lat' dir='ltr'>que</span> <span class='ocrx_word' id='word_1_121' title='bbox 1525 1093 1573 1122; x_wconf 88' lang='lat' dir='ltr'>se</span> <span class='ocrx_word' id='word_1_122' title='bbox 1602 1078 1891 1134; x_wconf 86' lang='lat' dir='ltr'>guardassem</span> <span class='ocrx_word' id='word_1_123' title='bbox 1913 1078 1968 1121; x_wconf 92' lang='lat' dir='ltr'>de</span> 
     </span>
    </p>
   </div>
   <div class='ocr_carea' id='block_1_3' title="bbox 1810 1318 2049 3360">
    <p class='ocr_par' dir='ltr' id='par_1_3' title="bbox 1810 1318 2049 3360">
     <span class='ocr_line' id='line_1_13' title="bbox 1986 1318 2049 1554; baseline 0 0"><span class='ocrx_word' id='word_1_124' title='bbox 1986 1318 2049 1554; x_wconf 95' lang='lat' dir='ltr'>   </span> 
     </span>
     <span class='ocr_line' id='line_1_14' title="bbox 1974 1554 2049 1781; baseline 0 -151"><span class='ocrx_word' id='word_1_125' title='bbox 1974 1554 2049 1781; x_wconf 95' lang='lat' dir='ltr'>   </span> 
     </span>
     <span class='ocr_line' id='line_1_15' title="bbox 1970 1781 2049 2013; baseline 0 -78"><span class='ocrx_word' id='word_1_126' title='bbox 1970 1781 2049 2013; x_wconf 95' lang='lat' dir='ltr'>   </span> 
     </span>
     <span class='ocr_line' id='line_1_16' title="bbox 1918 2013 2049 2316; baseline 0 -36"><span class='ocrx_word' id='word_1_127' title='bbox 1918 2013 2049 2316; x_wconf 95' lang='lat' dir='ltr'>     </span> 
     </span>
     <span class='ocr_line' id='line_1_17' title="bbox 1961 2316 2049 2396; baseline 0 964"><span class='ocrx_word' id='word_1_128' title='bbox 1961 2316 2049 2396; x_wconf 95' lang='lat' dir='ltr'> </span> 
     </span>
     <span class='ocr_line' id='line_1_18' title="bbox 1878 2396 2049 2584; baseline 0 0"><span class='ocrx_word' id='word_1_129' title='bbox 1878 2396 2049 2584; x_wconf 95' lang='lat' dir='ltr'>   </span> 
     </span>
     <span class='ocr_line' id='line_1_19' title="bbox 1912 2584 2049 2700; baseline 0 0"><span class='ocrx_word' id='word_1_130' title='bbox 1912 2584 2049 2700; x_wconf 95' lang='lat' dir='ltr'>   </span> 
     </span>
     <span class='ocr_line' id='line_1_20' title="bbox 1893 2700 2049 2862; baseline 0 -86"><span class='ocrx_word' id='word_1_131' title='bbox 1893 2700 2049 2862; x_wconf 95' lang='lat' dir='ltr'>   </span> 
     </span>
     <span class='ocr_line' id='line_1_21' title="bbox 1810 2862 2049 3360; baseline 0 -338"><span class='ocrx_word' id='word_1_132' title='bbox 1810 2862 2049 3360; x_wconf 95' lang='lat' dir='ltr'>   </span> 
     </span>
    </p>
   </div>
   <div class='ocr_carea' id='block_1_4' title="bbox 357 1161 1966 1291">
    <p class='ocr_par' dir='ltr' id='par_1_4' title="bbox 357 1161 2027 1291">
     <span class='ocr_line' id='line_1_22' title="bbox 357 1161 645 1204; baseline -0.003 -2"><span class='ocrx_word' id='word_1_133' title='bbox 357 1175 489 1203; x_wconf 84' lang='lat' dir='ltr'>nosso</span> <span class='ocrx_word' id='word_1_134' title='bbox 506 1161 645 1204; x_wconf 90' lang='lat' dir='ltr'>Deus.</span> 
     </span>
     <span class='ocr_line' id='line_1_23' title="bbox 445 1231 1966 1291; baseline 0 -13"><span class='ocrx_word' id='word_1_135' title='bbox 445 1249 514 1291; x_wconf 80' lang='lat'>34.</span> <span class='ocrx_word' id='word_1_136' title='bbox 580 1237 616 1278; x_wconf 90' lang='lat' dir='ltr'><strong>E</strong></span> <span class='ocrx_word' id='word_1_137' title='bbox 639 1242 791 1277; x_wconf 88' lang='lat' dir='ltr'>outras</span> <span class='ocrx_word' id='word_1_138' title='bbox 815 1241 991 1289; x_wconf 83' lang='lat' dir='ltr'>muytas</span> <span class='ocrx_word' id='word_1_139' title='bbox 1014 1232 1284 1276; x_wconf 84' lang='lat' dir='ltr'>blasffemias</span> <span class='ocrx_word' id='word_1_140' title='bbox 1305 1231 1450 1275; x_wconf 74' lang='lat' dir='ltr'>diziao</span> <span class='ocrx_word' id='word_1_141' title='bbox 1473 1239 1642 1276; x_wconf 90' lang='lat' dir='ltr'>comtra</span> <span class='ocrx_word' id='word_1_142' title='bbox 1659 1233 1799 1285; x_wconf 88' lang='lat' dir='ltr'>Deus;</span> <span class='ocrx_word' id='word_1_143' title='bbox 1817 1246 1842 1275; x_wconf 94' lang='grc'>6</span> <span class='ocrx_word' id='word_1_144' title='bbox 1859 1245 1966 1275; x_wconf 87' lang='lat' dir='ltr'>nos·</span> 
     </span>
    </p>
   </div>
   <div class='ocr_carea' id='block_1_5' title="bbox 353 1308 2041 1600">
    <p class='ocr_par' dir='ltr' id='par_1_5' title="bbox 353 1308 2041 1602">
     <span class='ocr_line' id='line_1_24' title="bbox 354 1308 1966 1368; baseline -0.002 -11"><span class='ocrx_word' id='word_1_145' title='bbox 354 1328 403 1357; x_wconf 88' lang='lat' dir='ltr'>so</span> <span class='ocrx_word' id='word_1_146' title='bbox 425 1315 599 1357; x_wconf 91' lang='lat' dir='ltr'>Senhor</span> <span class='ocrx_word' id='word_1_147' title='bbox 628 1326 708 1368; x_wconf 88' lang='lat' dir='ltr'>por</span> <span class='ocrx_word' id='word_1_148' title='bbox 735 1326 816 1353; x_wconf 81' lang='lat' dir='ltr'>sua</span> <span class='ocrx_word' id='word_1_149' title='bbox 845 1310 1048 1353; x_wconf 88' lang='lat' dir='ltr'>imffinita</span> <span class='ocrx_word' id='word_1_150' title='bbox 1076 1308 1378 1353; x_wconf 84' lang='lat' dir='ltr'>misericordia</span> <span class='ocrx_word' id='word_1_151' title='bbox 1405 1308 1722 1352; x_wconf 85' lang='lat' dir='ltr'>comvertia-as</span> <span class='ocrx_word' id='word_1_152' title='bbox 1750 1309 1876 1352; x_wconf 89' lang='lat' dir='ltr'>todas</span> <span class='ocrx_word' id='word_1_153' title='bbox 1897 1322 1966 1352; x_wconf 91' lang='lat' dir='ltr'>em</span> 
     </span>
     <span class='ocr_line' id='line_1_25' title="bbox 353 1387 2041 1446; baseline 0 -15"><span class='ocrx_word' id='word_1_154' title='bbox 353 1390 471 1434; x_wconf 90' lang='lat' dir='ltr'>bem:</span> <span class='ocrx_word' id='word_1_155' title='bbox 498 1404 668 1446; x_wconf 89' lang='lat' dir='ltr'>porque</span> <span class='ocrx_word' id='word_1_156' title='bbox 690 1395 858 1443; x_wconf 87' lang='lat' dir='ltr'>quanto</span> <span class='ocrx_word' id='word_1_157' title='bbox 881 1387 990 1430; x_wconf 85' lang='lat' dir='ltr'>mais</span> <span class='ocrx_word' id='word_1_158' title='bbox 1013 1388 1101 1429; x_wconf 90' lang='lat' dir='ltr'>mal</span> <span class='ocrx_word' id='word_1_159' title='bbox 1124 1389 1350 1442; x_wconf 71' lang='lat' dir='ltr'>pregauao</span> <span class='ocrx_word' id='word_1_160' title='bbox 1372 1387 1427 1429; x_wconf 89' lang='lat' dir='ltr'>de</span> <span class='ocrx_word' id='word_1_161' title='bbox 1449 1387 1573 1429; x_wconf 87' lang='lat' dir='ltr'>Deus</span> <span class='ocrx_word' id='word_1_162' title='bbox 1595 1400 1619 1428; x_wconf 90' lang='lat' dir='ltr'>e</span> <span class='ocrx_word' id='word_1_163' title='bbox 1641 1387 1696 1429; x_wconf 94' lang='lat' dir='ltr'>de</span> <span class='ocrx_word' id='word_1_164' title='bbox 1713 1389 1809 1438; x_wconf 82' lang='lat' dir='ltr'>nos,</span> <span class='ocrx_word' id='word_1_165' title='bbox 1831 1392 1968 1429; x_wconf 90' lang='lat' dir='ltr'>tamto</span> <span class='ocrx_word' id='word_1_166' title='bbox 2002 1389 2041 1445; x_wconf 52' lang='grc' dir='ltr'>ζ</span> 
     </span>
     <span class='ocr_line' id='line_1_26' title="bbox 353 1464 2026 1527; baseline -0.001 -17"><span class='ocrx_word' id='word_1_167' title='bbox 353 1482 479 1524; x_wconf 86' lang='lat' dir='ltr'>mays</span> <span class='ocrx_word' id='word_1_168' title='bbox 502 1466 671 1510; x_wconf 88' lang='lat' dir='ltr'>credito</span> <span class='ocrx_word' id='word_1_169' title='bbox 694 1479 775 1508; x_wconf 80' lang='lat' dir='ltr'>nos</span> <span class='ocrx_word' id='word_1_170' title='bbox 797 1465 913 1507; x_wconf 86' lang='lat' dir='ltr'>dana</span> <span class='ocrx_word' id='word_1_171' title='bbox 936 1479 961 1507; x_wconf 89' lang='lat' dir='ltr'>a</span> <span class='ocrx_word' id='word_1_172' title='bbox 983 1471 1135 1521; x_wconf 87' lang='lat' dir='ltr'>gemte</span> <span class='ocrx_word' id='word_1_173' title='bbox 1157 1464 1337 1519; x_wconf 90' lang='lat' dir='ltr'>quando</span> <span class='ocrx_word' id='word_1_174' title='bbox 1359 1477 1442 1507; x_wconf 89' lang='lat' dir='ltr'>nos</span> <span class='ocrx_word' id='word_1_175' title='bbox 1457 1466 1769 1520; x_wconf 82' lang='lat' dir='ltr'>pregauamos‚</span> <span class='ocrx_word' id='word_1_176' title='bbox 1789 1477 1814 1506; x_wconf 94' lang='lat' dir='ltr'>e</span> <span class='ocrx_word' id='word_1_177' title='bbox 1831 1470 1969 1507; x_wconf 88' lang='lat' dir='ltr'>tamto</span> <span class='ocrx_word' id='word_1_178' title='bbox 2004 1467 2026 1527; x_wconf 56' lang='lat'>[1]</span> 
     </span>
     <span class='ocr_line' id='line_1_27' title="bbox 354 1540 1967 1600; baseline 0 -14"><span class='ocrx_word' id='word_1_179' title='bbox 354 1559 479 1600; x_wconf 87' lang='lat' dir='ltr'>mays</span> <span class='ocrx_word' id='word_1_180' title='bbox 501 1559 550 1588; x_wconf 84' lang='lat' dir='ltr'>se</span> <span class='ocrx_word' id='word_1_181' title='bbox 573 1542 714 1586; x_wconf 73' lang='lat' dir='ltr'>faziao</span> <span class='ocrx_word' id='word_1_182' title='bbox 743 1541 943 1585; x_wconf 69' lang='lat' dir='ltr'>cristaos.</span> <span class='ocrx_word' id='word_1_183' title='bbox 971 1540 1100 1584; x_wconf 86' lang='lat' dir='ltr'>Dizia</span> <span class='ocrx_word' id='word_1_184' title='bbox 1127 1542 1186 1583; x_wconf 95' lang='lat' dir='ltr'>ho</span> <span class='ocrx_word' id='word_1_185' title='bbox 1208 1555 1324 1596; x_wconf 91' lang='lat' dir='ltr'>povo</span> <span class='ocrx_word' id='word_1_186' title='bbox 1353 1554 1440 1596; x_wconf 93' lang='lat' dir='ltr'>que</span> <span class='ocrx_word' id='word_1_187' title='bbox 1466 1554 1517 1583; x_wconf 90' lang='lat' dir='ltr'>os</span> <span class='ocrx_word' id='word_1_188' title='bbox 1543 1541 1725 1583; x_wconf 87' lang='lat' dir='ltr'>bomzos</span> <span class='ocrx_word' id='word_1_189' title='bbox 1753 1554 1851 1583; x_wconf 91' lang='lat' dir='ltr'>com</span> <span class='ocrx_word' id='word_1_190' title='bbox 1873 1554 1967 1584; x_wconf 87' lang='lat' dir='ltr'>ern-</span> 
     </span>
    </p>
   </div>
   <div class='ocr_carea' id='block_1_6' title="bbox 1993 377 2049 1141">
    <p class='ocr_par' dir='ltr' id='par_1_6' title="bbox 1993 377 2049 1141">
     <span class='ocr_line' id='line_1_28' title="bbox 2032 377 2049 563; baseline 0 -10"><span class='ocrx_word' id='word_1_191' title='bbox 2032 377 2049 563; x_wconf 68' lang='lat'><em>2</em></span> 
     </span>
     <span class='ocr_line' id='line_1_29' title="bbox 2018 829 2049 897; baseline 0 -11"><span class='ocrx_word' id='word_1_192' title='bbox 2018 829 2049 897; x_wconf 47' lang='grc' dir='ltr'>ῥίς</span> 
     </span>
     <span class='ocr_line' id='line_1_30' title="bbox 1993 889 2049 1141; baseline 0 0"><span class='ocrx_word' id='word_1_193' title='bbox 1993 889 2049 1141; x_wconf 68' lang='lat'>{³</span> 
     </span>
    </p>
   </div>
   <div class='ocr_carea' id='block_1_7' title="bbox 347 1619 2018 2824">
    <p class='ocr_par' dir='ltr' id='par_1_7' title="bbox 355 1619 937 1676">
     <span class='ocr_line' id='line_1_31' title="bbox 355 1619 937 1676; baseline -0.005 -13"><span class='ocrx_word' id='word_1_194' title='bbox 355 1621 452 1676; x_wconf 79' lang='lat' dir='ltr'>veja</span> <span class='ocrx_word' id='word_1_195' title='bbox 475 1620 635 1663; x_wconf 89' lang='lat' dir='ltr'>diziam</span> <span class='ocrx_word' id='word_1_196' title='bbox 659 1619 746 1662; x_wconf 88' lang='lat' dir='ltr'>mal</span> <span class='ocrx_word' id='word_1_197' title='bbox 768 1620 824 1663; x_wconf 89' lang='lat' dir='ltr'>de</span> <span class='ocrx_word' id='word_1_198' title='bbox 841 1622 937 1661; x_wconf 84' lang='lat' dir='ltr'>nos.</span> 
     </span>
    </p>

    <p class='ocr_par' dir='ltr' id='par_1_8' title="bbox 353 1677 2037 2200">
     <span class='ocr_line' id='line_1_32' title="bbox 444 1694 1966 1753; baseline -0.003 -12"><span class='ocrx_word' id='word_1_199' title='bbox 444 1711 467 1752; x_wconf 80' lang='lat'>3</span> <span class='ocrx_word' id='word_1_200' title='bbox 474 1710 512 1753; x_wconf 87' lang='lat'>5.</span> <span class='ocrx_word' id='word_1_201' title='bbox 580 1696 723 1741; x_wconf 86' lang='lat' dir='ltr'>Muito</span> <span class='ocrx_word' id='word_1_202' title='bbox 747 1696 978 1751; x_wconf 85' lang='lat' dir='ltr'>trabalhey</span> <span class='ocrx_word' id='word_1_203' title='bbox 1000 1710 1069 1740; x_wconf 90' lang='lat' dir='ltr'>em</span> <span class='ocrx_word' id='word_1_204' title='bbox 1087 1697 1229 1752; x_wconf 73' lang='lat' dir='ltr'>Japao</span> <span class='ocrx_word' id='word_1_205' title='bbox 1251 1695 1307 1740; x_wconf 92' lang='lat' dir='ltr'>de</span> <span class='ocrx_word' id='word_1_206' title='bbox 1323 1695 1453 1739; x_wconf 87' lang='lat' dir='ltr'>saber</span> <span class='ocrx_word' id='word_1_207' title='bbox 1474 1709 1523 1739; x_wconf 90' lang='lat' dir='ltr'>se</span> <span class='ocrx_word' id='word_1_208' title='bbox 1544 1709 1613 1738; x_wconf 89' lang='lat' dir='ltr'>em</span> <span class='ocrx_word' id='word_1_209' title='bbox 1637 1694 1788 1751; x_wconf 88' lang='lat' dir='ltr'>algum</span> <span class='ocrx_word' id='word_1_210' title='bbox 1819 1701 1966 1750; x_wconf 87' lang='lat' dir='ltr'>tempo</span> 
     </span>
     <span class='ocr_line' id='line_1_33' title="bbox 355 1770 1965 1828; baseline -0.001 -11"><span class='ocrx_word' id='word_1_211' title='bbox 355 1775 524 1818; x_wconf 76' lang='lat' dir='ltr'>tiuerao</span> <span class='ocrx_word' id='word_1_212' title='bbox 545 1773 711 1827; x_wconf 58' lang='lat' dir='ltr'>noticia</span> <span class='ocrx_word' id='word_1_213' title='bbox 733 1774 788 1816; x_wconf 93' lang='lat' dir='ltr'>de</span> <span class='ocrx_word' id='word_1_214' title='bbox 810 1774 934 1815; x_wconf 84' lang='lat' dir='ltr'>Deus</span> <span class='ocrx_word' id='word_1_215' title='bbox 956 1785 980 1814; x_wconf 92' lang='lat' dir='ltr'>e</span> <span class='ocrx_word' id='word_1_216' title='bbox 1001 1773 1057 1816; x_wconf 91' lang='lat' dir='ltr'>de</span> <span class='ocrx_word' id='word_1_217' title='bbox 1080 1773 1216 1828; x_wconf 88' lang='lat' dir='ltr'>Xpo.;</span> <span class='ocrx_word' id='word_1_218' title='bbox 1245 1787 1286 1824; x_wconf 86' lang='lat' dir='ltr'>e,</span> <span class='ocrx_word' id='word_1_219' title='bbox 1311 1771 1531 1827; x_wconf 88' lang='lat' dir='ltr'>segumdo</span> <span class='ocrx_word' id='word_1_220' title='bbox 1552 1785 1657 1815; x_wconf 86' lang='lat' dir='ltr'>suas</span> <span class='ocrx_word' id='word_1_221' title='bbox 1677 1770 1920 1828; x_wconf 88' lang='lat' dir='ltr'>scripturas</span> <span class='ocrx_word' id='word_1_222' title='bbox 1940 1785 1965 1815; x_wconf 90' lang='lat' dir='ltr'>e</span> 
     </span>
     <span class='ocr_line' id='line_1_34' title="bbox 353 1844 2018 1906; baseline -0.002 -12"><span class='ocrx_word' id='word_1_223' title='bbox 353 1852 446 1894; x_wconf 82' lang='lat' dir='ltr'>dito</span> <span class='ocrx_word' id='word_1_224' title='bbox 473 1852 530 1894; x_wconf 92' lang='lat' dir='ltr'>do</span> <span class='ocrx_word' id='word_1_225' title='bbox 560 1865 693 1906; x_wconf 82' lang='lat' dir='ltr'>pono,</span> <span class='ocrx_word' id='word_1_226' title='bbox 725 1849 850 1892; x_wconf 87' lang='lat' dir='ltr'>achei</span> <span class='ocrx_word' id='word_1_227' title='bbox 880 1863 966 1904; x_wconf 90' lang='lat' dir='ltr'>que</span> <span class='ocrx_word' id='word_1_228' title='bbox 995 1862 1193 1904; x_wconf 90' lang='lat' dir='ltr'>numqua</span> <span class='ocrx_word' id='word_1_229' title='bbox 1231 1848 1400 1892; x_wconf 74' lang='lat' dir='ltr'>tiuerao</span> <span class='ocrx_word' id='word_1_230' title='bbox 1437 1848 1603 1903; x_wconf 60' lang='lat' dir='ltr'>noticia</span> <span class='ocrx_word' id='word_1_231' title='bbox 1629 1849 1684 1892; x_wconf 89' lang='lat' dir='ltr'>de</span> <span class='ocrx_word' id='word_1_232' title='bbox 1711 1850 1850 1891; x_wconf 90' lang='lat' dir='ltr'>Deus.</span> <span class='ocrx_word' id='word_1_233' title='bbox 1884 1848 1964 1891; x_wconf 91' lang='lat' dir='ltr'>Em</span> <span class='ocrx_word' id='word_1_234' title='bbox 2011 1844 2018 1853; x_wconf 76' lang='lat'><em>&#39;</em></span> 
     </span>
     <span class='ocr_line' id='line_1_35' title="bbox 353 1925 1965 1984; baseline -0.002 -14"><span class='ocrx_word' id='word_1_235' title='bbox 353 1926 661 1984; x_wconf 83' lang='lat' dir='ltr'>Camgaxima,</span> <span class='ocrx_word' id='word_1_236' title='bbox 686 1927 816 1969; x_wconf 89' lang='lat' dir='ltr'>omde</span> <span class='ocrx_word' id='word_1_237' title='bbox 838 1925 1079 1970; x_wconf 88' lang='lat' dir='ltr'>estiuemos</span> <span class='ocrx_word' id='word_1_238' title='bbox 1102 1927 1208 1968; x_wconf 92' lang='lat' dir='ltr'>hum</span> <span class='ocrx_word' id='word_1_239' title='bbox 1231 1931 1369 1977; x_wconf 77' lang='lat' dir='ltr'>anfio,</span> <span class='ocrx_word' id='word_1_240' title='bbox 1395 1927 1603 1968; x_wconf 85' lang='lat' dir='ltr'>achamos</span> <span class='ocrx_word' id='word_1_241' title='bbox 1625 1939 1713 1981; x_wconf 92' lang='lat' dir='ltr'>que</span> <span class='ocrx_word' id='word_1_242' title='bbox 1729 1926 1787 1968; x_wconf 92' lang='lat' dir='ltr'>ho</span> <span class='ocrx_word' id='word_1_243' title='bbox 1803 1926 1965 1980; x_wconf 91' lang='lat' dir='ltr'>Duque</span> 
     </span>
     <span class='ocr_line' id='line_1_36' title="bbox 353 2001 1965 2058; baseline -0.001 -12"><span class='ocrx_word' id='word_1_244' title='bbox 353 2005 409 2047; x_wconf 89' lang='lat' dir='ltr'>da</span> <span class='ocrx_word' id='word_1_245' title='bbox 433 2012 549 2048; x_wconf 85' lang='lat' dir='ltr'>terra</span> <span class='ocrx_word' id='word_1_246' title='bbox 571 2019 595 2048; x_wconf 95' lang='lat' dir='ltr'>e</span> <span class='ocrx_word' id='word_1_247' title='bbox 618 2018 667 2047; x_wconf 90' lang='grc'>05</span> <span class='ocrx_word' id='word_1_248' title='bbox 689 2017 793 2048; x_wconf 86' lang='lat' dir='ltr'>seus</span> <span class='ocrx_word' id='word_1_249' title='bbox 822 2009 1043 2058; x_wconf 88' lang='lat' dir='ltr'>paremtes</span> <span class='ocrx_word' id='word_1_250' title='bbox 1074 2001 1228 2046; x_wconf 72' lang='lat' dir='ltr'>tinhao</span> <span class='ocrx_word' id='word_1_251' title='bbox 1249 2016 1328 2058; x_wconf 87' lang='lat' dir='ltr'>per</span> <span class='ocrx_word' id='word_1_252' title='bbox 1356 2016 1500 2045; x_wconf 89' lang='lat' dir='ltr'>armas</span> <span class='ocrx_word' id='word_1_253' title='bbox 1522 2004 1657 2045; x_wconf 88' lang='lat' dir='ltr'>huma</span> <span class='ocrx_word' id='word_1_254' title='bbox 1685 2015 1791 2045; x_wconf 89' lang='lat' dir='ltr'>cruz</span> <span class='ocrx_word' id='word_1_255' title='bbox 1817 2002 1965 2044; x_wconf 88' lang='lat' dir='ltr'>bram-</span> 
     </span>
     <span class='ocr_line' id='line_1_37' title="bbox 354 2078 1973 2136; baseline -0.001 -13"><span class='ocrx_word' id='word_1_256' title='bbox 354 2095 457 2136; x_wconf 87' lang='lat' dir='ltr'>qua,</span> <span class='ocrx_word' id='word_1_257' title='bbox 483 2095 577 2123; x_wconf 88' lang='lat' dir='ltr'>mas</span> <span class='ocrx_word' id='word_1_258' title='bbox 599 2084 684 2123; x_wconf 82' lang='grc' dir='ltr'>11ᾶο</span> <span class='ocrx_word' id='word_1_259' title='bbox 707 2082 813 2124; x_wconf 89' lang='lat' dir='ltr'>hera</span> <span class='ocrx_word' id='word_1_260' title='bbox 831 2093 907 2135; x_wconf 89' lang='lat' dir='ltr'>per</span> <span class='ocrx_word' id='word_1_261' title='bbox 949 2078 1291 2134; x_wconf 67' lang='lat' dir='ltr'>conheeimento</span> <span class='ocrx_word' id='word_1_262' title='bbox 1314 2092 1400 2133; x_wconf 90' lang='lat' dir='ltr'>que</span> <span class='ocrx_word' id='word_1_263' title='bbox 1423 2079 1479 2123; x_wconf 90' lang='lat' dir='ltr'>de</span> <span class='ocrx_word' id='word_1_264' title='bbox 1501 2079 1621 2134; x_wconf 91' lang='lat' dir='ltr'>Xpo.</span> <span class='ocrx_word' id='word_1_265' title='bbox 1642 2092 1776 2122; x_wconf 88' lang='lat' dir='ltr'>nosso</span> <span class='ocrx_word' id='word_1_266' title='bbox 1793 2078 1944 2123; x_wconf 88' lang='lat' dir='ltr'>Senho</span> <span class='ocrx_word' id='word_1_267' title='bbox 1969 2092 1973 2108; x_wconf 72' lang='lat'>¹</span> 
     </span>
     <span class='ocr_line' id='line_1_38' title="bbox 355 2157 558 2200; baseline 0 0"><span class='ocrx_word' id='word_1_268' title='bbox 355 2157 558 2200; x_wconf 87' lang='lat' dir='ltr'>tiuesem.</span> 
     </span>
    </p>

    <p class='ocr_par' dir='ltr' id='par_1_9' title="bbox 347 2231 1969 2824">
     <span class='ocr_line' id='line_1_39' title="bbox 444 2231 1969 2288; baseline -0.001 -11"><span class='ocrx_word' id='word_1_269' title='bbox 444 2235 510 2288; x_wconf 88' lang='lat'>36.</span> <span class='ocrx_word' id='word_1_270' title='bbox 574 2234 786 2276; x_wconf 86' lang='lat' dir='ltr'>Estamdo</span> <span class='ocrx_word' id='word_1_271' title='bbox 808 2235 953 2277; x_wconf 88' lang='lat' dir='ltr'>n&#39;este</span> <span class='ocrx_word' id='word_1_272' title='bbox 975 2247 1145 2276; x_wconf 87' lang='lat' dir='ltr'>mesmo</span> <span class='ocrx_word' id='word_1_273' title='bbox 1166 2233 1299 2288; x_wconf 81' lang='lat' dir='ltr'>lugat</span> <span class='ocrx_word' id='word_1_274' title='bbox 1315 2232 1371 2276; x_wconf 92' lang='lat' dir='ltr'>de</span> <span class='ocrx_word' id='word_1_275' title='bbox 1389 2233 1688 2288; x_wconf 88' lang='lat' dir='ltr'>Amanguche</span> <span class='ocrx_word' id='word_1_276' title='bbox 1703 2233 1763 2275; x_wconf 94' lang='lat' dir='ltr'>ho</span> <span class='ocrx_word' id='word_1_277' title='bbox 1784 2234 1832 2275; x_wconf 90' lang='lat' dir='ltr'>P.</span> <span class='ocrx_word' id='word_1_278' title='bbox 1851 2232 1932 2275; x_wconf 91' lang='lat' dir='ltr'>Co·</span> <span class='ocrx_word' id='word_1_279' title='bbox 1966 2231 1969 2261; x_wconf 76' lang='grc' dir='ltr'><strong><em>Ῑ</em></strong></span> 
     </span>
     <span class='ocr_line' id='line_1_40' title="bbox 352 2309 1961 2367; baseline -0.001 -15"><span class='ocrx_word' id='word_1_280' title='bbox 352 2325 426 2354; x_wconf 92' lang='lat' dir='ltr'>mo</span> <span class='ocrx_word' id='word_1_281' title='bbox 447 2310 504 2354; x_wconf 91' lang='lat' dir='ltr'>de</span> <span class='ocrx_word' id='word_1_282' title='bbox 527 2311 690 2353; x_wconf 88' lang='lat' dir='ltr'>Torres</span> <span class='ocrx_word' id='word_1_283' title='bbox 712 2324 736 2353; x_wconf 93' lang='lat' dir='ltr'>e</span> <span class='ocrx_word' id='word_1_284' title='bbox 752 2311 865 2367; x_wconf 72' lang='lat' dir='ltr'>Joao</span> <span class='ocrx_word' id='word_1_285' title='bbox 887 2310 922 2352; x_wconf 93' lang='lat' dir='ltr'>F</span> <span class='ocrx_word' id='word_1_286' title='bbox 925 2309 1147 2352; x_wconf 88' lang='lat' dir='ltr'>ernandez</span> <span class='ocrx_word' id='word_1_287' title='bbox 1171 2324 1196 2353; x_wconf 92' lang='lat' dir='ltr'>e</span> <span class='ocrx_word' id='word_1_288' title='bbox 1218 2323 1292 2362; x_wconf 81' lang='lat' dir='ltr'>en,</span> <span class='ocrx_word' id='word_1_289' title='bbox 1317 2310 1425 2351; x_wconf 91' lang='lat' dir='ltr'>hum</span> <span class='ocrx_word' id='word_1_290' title='bbox 1447 2309 1610 2352; x_wconf 89' lang='lat' dir='ltr'>senhor</span> <span class='ocrx_word' id='word_1_291' title='bbox 1631 2315 1786 2364; x_wconf 88' lang='lat' dir='ltr'>muyto</span> <span class='ocrx_word' id='word_1_292' title='bbox 1812 2321 1961 2365; x_wconf 61' lang='lat' dir='ltr'>gram-³</span> 
     </span>
     <span class='ocr_line' id='line_1_41' title="bbox 351 2384 1964 2441; baseline 0 -13"><span class='ocrx_word' id='word_1_293' title='bbox 351 2387 422 2438; x_wconf 91' lang='lat' dir='ltr'>de,</span> <span class='ocrx_word' id='word_1_294' title='bbox 447 2401 534 2441; x_wconf 89' lang='lat' dir='ltr'>que</span> <span class='ocrx_word' id='word_1_295' title='bbox 555 2388 613 2429; x_wconf 82' lang='lat' dir='ltr'>he</span> <span class='ocrx_word' id='word_1_296' title='bbox 635 2401 661 2428; x_wconf 94' lang='grc'>0</span> <span class='ocrx_word' id='word_1_297' title='bbox 683 2386 835 2441; x_wconf 93' lang='lat' dir='ltr'>duque</span> <span class='ocrx_word' id='word_1_298' title='bbox 856 2386 912 2428; x_wconf 93' lang='lat' dir='ltr'>de</span> <span class='ocrx_word' id='word_1_299' title='bbox 935 2387 1114 2441; x_wconf 87' lang='lat' dir='ltr'>Bungo,</span> <span class='ocrx_word' id='word_1_300' title='bbox 1141 2399 1212 2430; x_wconf 90' lang='lat' dir='ltr'>me</span> <span class='ocrx_word' id='word_1_301' title='bbox 1228 2398 1444 2429; x_wconf 88' lang='lat' dir='ltr'>escreueo</span> <span class='ocrx_word' id='word_1_302' title='bbox 1461 2398 1549 2440; x_wconf 93' lang='lat' dir='ltr'>que</span> <span class='ocrx_word' id='word_1_303' title='bbox 1566 2386 1785 2441; x_wconf 86' lang='lat' dir='ltr'>chegasse</span> <span class='ocrx_word' id='word_1_304' title='bbox 1805 2384 1964 2428; x_wconf 43' lang='lat' dir='ltr'>aomdf</span> 
     </span>
     <span class='ocr_line' id='line_1_42' title="bbox 352 2461 1947 2518; baseline 0.001 -12"><span class='ocrx_word' id='word_1_305' title='bbox 352 2464 421 2506; x_wconf 89' lang='grc'>616</span> <span class='ocrx_word' id='word_1_306' title='bbox 451 2470 619 2514; x_wconf 86' lang='lat' dir='ltr'>estava‚</span> <span class='ocrx_word' id='word_1_307' title='bbox 654 2477 823 2518; x_wconf 88' lang='lat' dir='ltr'>porque</span> <span class='ocrx_word' id='word_1_308' title='bbox 849 2464 957 2506; x_wconf 87' lang='lat' dir='ltr'>hera</span> <span class='ocrx_word' id='word_1_309' title='bbox 984 2462 1221 2518; x_wconf 86' lang='lat' dir='ltr'>cheguado</span> <span class='ocrx_word' id='word_1_310' title='bbox 1248 2463 1385 2504; x_wconf 89' lang='lat' dir='ltr'>huma</span> <span class='ocrx_word' id='word_1_311' title='bbox 1411 2475 1497 2504; x_wconf 89' lang='lat' dir='ltr'>nao</span> <span class='ocrx_word' id='word_1_312' title='bbox 1525 2461 1581 2506; x_wconf 93' lang='lat' dir='ltr'>de</span> <span class='ocrx_word' id='word_1_313' title='bbox 1606 2468 1947 2518; x_wconf 86' lang='lat' dir='ltr'>purtugueses·</span> 
     </span>
     <span class='ocr_line' id='line_1_43' title="bbox 352 2538 1942 2601; baseline 0 -20"><span class='ocrx_word' id='word_1_314' title='bbox 352 2553 432 2583; x_wconf 92' lang='lat' dir='ltr'>seu</span> <span class='ocrx_word' id='word_1_315' title='bbox 462 2546 589 2595; x_wconf 89' lang='lat' dir='ltr'>porto</span> <span class='ocrx_word' id='word_1_316' title='bbox 611 2553 636 2581; x_wconf 92' lang='lat' dir='ltr'>e</span> <span class='ocrx_word' id='word_1_317' title='bbox 663 2540 736 2583; x_wconf 89' lang='lat' dir='ltr'>lhe</span> <span class='ocrx_word' id='word_1_318' title='bbox 764 2540 976 2583; x_wconf 89' lang='lat' dir='ltr'>releuaua</span> <span class='ocrx_word' id='word_1_319' title='bbox 1004 2539 1114 2581; x_wconf 86' lang='lat' dir='ltr'>salar</span> <span class='ocrx_word' id='word_1_320' title='bbox 1151 2538 1329 2595; x_wconf 86' lang='lat' dir='ltr'>comigo</span> <span class='ocrx_word' id='word_1_321' title='bbox 1362 2545 1508 2581; x_wconf 87' lang='lat' dir='ltr'>certas</span> <span class='ocrx_word' id='word_1_322' title='bbox 1535 2552 1733 2582; x_wconf 85' lang='lat' dir='ltr'>coussas.</span> <span class='ocrx_word' id='word_1_323' title='bbox 1766 2539 1851 2592; x_wconf 89' lang='lat' dir='ltr'>Eu,</span> <span class='ocrx_word' id='word_1_324' title='bbox 1935 2595 1942 2601; x_wconf 27' lang='grc' dir='ltr'><em>Α</em></span> 
     </span>
     <span class='ocr_line' id='line_1_44' title="bbox 353 2613 1952 2671; baseline 0.003 -15"><span class='ocrx_word' id='word_1_325' title='bbox 353 2629 432 2658; x_wconf 86' lang='lat' dir='ltr'>ver</span> <span class='ocrx_word' id='word_1_326' title='bbox 453 2628 503 2657; x_wconf 88' lang='lat' dir='ltr'>se</span> <span class='ocrx_word' id='word_1_327' title='bbox 530 2629 578 2658; x_wconf 90' lang='lat' dir='ltr'>se</span> <span class='ocrx_word' id='word_1_328' title='bbox 607 2615 760 2669; x_wconf 88' lang='lat' dir='ltr'>queria</span> <span class='ocrx_word' id='word_1_329' title='bbox 798 2615 918 2658; x_wconf 87' lang='lat' dir='ltr'>fazer</span> <span class='ocrx_word' id='word_1_330' title='bbox 954 2613 1136 2667; x_wconf 71' lang='lat' dir='ltr'>eristao,</span> <span class='ocrx_word' id='word_1_331' title='bbox 1162 2629 1188 2658; x_wconf 90' lang='grc'>6</span> <span class='ocrx_word' id='word_1_332' title='bbox 1218 2629 1298 2671; x_wconf 89' lang='lat' dir='ltr'>por</span> <span class='ocrx_word' id='word_1_333' title='bbox 1325 2629 1405 2659; x_wconf 90' lang='lat' dir='ltr'>ver</span> <span class='ocrx_word' id='word_1_334' title='bbox 1436 2629 1485 2658; x_wconf 88' lang='lat' dir='ltr'>os</span> <span class='ocrx_word' id='word_1_335' title='bbox 1511 2621 1826 2671; x_wconf 87' lang='lat' dir='ltr'>portugueses‚</span> <span class='ocrx_word' id='word_1_336' title='bbox 1855 2615 1952 2659; x_wconf 86' lang='lat' dir='ltr'>ch.</span> 
     </span>
     <span class='ocr_line' id='line_1_45' title="bbox 353 2691 1953 2748; baseline 0.001 -14"><span class='ocrx_word' id='word_1_337' title='bbox 353 2705 475 2747; x_wconf 86' lang='lat' dir='ltr'>guey</span> <span class='ocrx_word' id='word_1_338' title='bbox 492 2705 518 2733; x_wconf 91' lang='lat' dir='ltr'>a</span> <span class='ocrx_word' id='word_1_339' title='bbox 540 2692 721 2747; x_wconf 88' lang='lat' dir='ltr'>Bungo,</span> <span class='ocrx_word' id='word_1_340' title='bbox 746 2691 937 2734; x_wconf 87' lang='lat' dir='ltr'>ficamdo</span> <span class='ocrx_word' id='word_1_341' title='bbox 959 2705 1030 2734; x_wconf 90' lang='lat' dir='ltr'>em</span> <span class='ocrx_word' id='word_1_342' title='bbox 1053 2691 1354 2748; x_wconf 88' lang='lat' dir='ltr'>Amanguehe</span> <span class='ocrx_word' id='word_1_343' title='bbox 1375 2705 1403 2734; x_wconf 93' lang='lat' dir='ltr'>o</span> <span class='ocrx_word' id='word_1_344' title='bbox 1420 2692 1473 2734; x_wconf 94' lang='lat' dir='ltr'>P.</span> <span class='ocrx_word' id='word_1_345' title='bbox 1493 2691 1660 2735; x_wconf 85' lang='lat' dir='ltr'>Cosmo</span> <span class='ocrx_word' id='word_1_346' title='bbox 1677 2691 1734 2734; x_wconf 89' lang='lat' dir='ltr'>de</span> <span class='ocrx_word' id='word_1_347' title='bbox 1756 2692 1918 2736; x_wconf 84' lang='lat' dir='ltr'>Torres</span> <span class='ocrx_word' id='word_1_348' title='bbox 1946 2698 1953 2736; x_wconf 77' lang='lat' dir='ltr'>i</span> 
     </span>
     <span class='ocr_line' id='line_1_46' title="bbox 347 2765 1922 2824; baseline 0.001 -14"><span class='ocrx_word' id='word_1_349' title='bbox 347 2769 460 2824; x_wconf 71' lang='lat' dir='ltr'>Joao</span> <span class='ocrx_word' id='word_1_350' title='bbox 481 2768 516 2810; x_wconf 94' lang='lat' dir='ltr'><strong>F</strong></span> <span class='ocrx_word' id='word_1_351' title='bbox 519 2767 744 2810; x_wconf 88' lang='lat' dir='ltr'>ernandez</span> <span class='ocrx_word' id='word_1_352' title='bbox 760 2780 859 2810; x_wconf 89' lang='lat' dir='ltr'>com</span> <span class='ocrx_word' id='word_1_353' title='bbox 883 2781 934 2809; x_wconf 88' lang='lat' dir='ltr'>os</span> <span class='ocrx_word' id='word_1_354' title='bbox 956 2765 1142 2810; x_wconf 71' lang='lat' dir='ltr'>cristaos</span> <span class='ocrx_word' id='word_1_355' title='bbox 1163 2781 1251 2822; x_wconf 89' lang='lat' dir='ltr'>que</span> <span class='ocrx_word' id='word_1_356' title='bbox 1271 2769 1409 2812; x_wconf 64' lang='lat' dir='ltr'>her-{10</span> <span class='ocrx_word' id='word_1_357' title='bbox 1425 2767 1502 2823; x_wconf 90' lang='lat' dir='ltr'>jaa</span> <span class='ocrx_word' id='word_1_358' title='bbox 1524 2766 1670 2812; x_wconf 82' lang='lat' dir='ltr'>seitos.</span> <span class='ocrx_word' id='word_1_359' title='bbox 1696 2769 1772 2811; x_wconf 90' lang='lat' dir='ltr'>Ho</span> <span class='ocrx_word' id='word_1_360' title='bbox 1799 2769 1893 2811; x_wconf 81' lang='lat' dir='ltr'>Du·</span> <span class='ocrx_word' id='word_1_361' title='bbox 1909 2772 1922 2802; x_wconf 85' lang='grc'>’-</span> 
     </span>
    </p>
   </div>
   <div class='ocr_carea' id='block_1_8' title="bbox 353 2853 613 2858">
    <p class='ocr_par' dir='ltr' id='par_1_10' title="bbox 353 2853 613 2858">
     <span class='ocr_line' id='line_1_47' title="bbox 353 2853 613 2858; baseline 0 0"><span class='ocrx_word' id='word_1_362' title='bbox 353 2853 613 2858; x_wconf 95' lang='lat' dir='ltr'> </span> 
     </span>
    </p>
   </div>
   <div class='ocr_carea' id='block_1_9' title="bbox 351 2887 1928 3054">
    <p class='ocr_par' dir='ltr' id='par_1_11' title="bbox 351 2887 1929 3054">
     <span class='ocr_line' id='line_1_48' title="bbox 352 2887 1928 2938; baseline 0.002 -13"><span class='ocrx_word' id='word_1_363' title='bbox 352 2890 479 2925; x_wconf 84' lang='lat' dir='ltr'>versio</span> <span class='ocrx_word' id='word_1_364' title='bbox 502 2887 753 2936; x_wconf 87' lang='lat' dir='ltr'>praeferatur,</span> <span class='ocrx_word' id='word_1_365' title='bbox 778 2894 870 2924; x_wconf 87' lang='lat' dir='ltr'>tunc</span> <span class='ocrx_word' id='word_1_366' title='bbox 893 2889 1117 2925; x_wconf 91' lang='lat' dir='ltr'>mutandum</span> <span class='ocrx_word' id='word_1_367' title='bbox 1142 2896 1248 2926; x_wconf 90' lang='lat' dir='ltr'>esset</span> <span class='ocrx_word' id='word_1_368' title='bbox 1265 2890 1304 2926; x_wconf 89' lang='lat' dir='ltr'>in</span> <span class='ocrx_word' id='word_1_369' title='bbox 1323 2903 1346 2927; x_wconf 89' lang='grc' dir='ltr'><strong><em>ο</em></strong></span> <span class='ocrx_word' id='word_1_370' title='bbox 1367 2891 1598 2927; x_wconf 87' lang='lat' dir='ltr'>vocabulum</span> <span class='ocrx_word' id='word_1_371' title='bbox 1615 2902 1648 2933; x_wconf 87' lang='lat' dir='ltr'>e,</span> <span class='ocrx_word' id='word_1_372' title='bbox 1667 2892 1781 2938; x_wconf 89' lang='lat' dir='ltr'>paulo</span> <span class='ocrx_word' id='word_1_373' title='bbox 1801 2889 1928 2930; x_wconf 80' lang='lat' dir='ltr'>inferi</span> 
     </span>
     <span class='ocr_line' id='line_1_49' title="bbox 351 2947 1909 2997; baseline 0.003 -14"><span class='ocrx_word' id='word_1_374' title='bbox 351 2948 533 2995; x_wconf 84' lang='lat' dir='ltr'>positum3</span> <span class='ocrx_word' id='word_1_375' title='bbox 553 2954 592 2983; x_wconf 90' lang='lat' dir='ltr'>et</span> <span class='ocrx_word' id='word_1_376' title='bbox 609 2947 665 2983; x_wconf 86' lang='lat' dir='ltr'>sie</span> <span class='ocrx_word' id='word_1_377' title='bbox 679 2947 887 2993; x_wconf 88' lang='lat' dir='ltr'>legendum</span> <span class='ocrx_word' id='word_1_378' title='bbox 905 2954 1022 2984; x_wconf 88' lang='lat' dir='ltr'>esset:</span> <span class='ocrx_word' id='word_1_379' title='bbox 1044 2959 1088 2984; x_wconf 87' lang='lat' dir='ltr'>«e</span> <span class='ocrx_word' id='word_1_380' title='bbox 1106 2960 1181 2995; x_wconf 90' lang='lat' dir='ltr'>que</span> <span class='ocrx_word' id='word_1_381' title='bbox 1200 2950 1258 2984; x_wconf 86' lang='lat' dir='ltr'>laa</span> <span class='ocrx_word' id='word_1_382' title='bbox 1275 2951 1323 2985; x_wconf 74' lang='lat' dir='ltr'>he</span> <span class='ocrx_word' id='word_1_383' title='bbox 1342 2962 1450 2996; x_wconf 89' lang='lat' dir='ltr'>mays</span> <span class='ocrx_word' id='word_1_384' title='bbox 1468 2949 1578 2996; x_wconf 85' lang='lat' dir='ltr'>riquo</span> <span class='ocrx_word' id='word_1_385' title='bbox 1594 2950 1643 2985; x_wconf 87' lang='lat' dir='ltr'>he</span> <span class='ocrx_word' id='word_1_386' title='bbox 1661 2962 1770 2997; x_wconf 88' lang='lat' dir='ltr'>mays</span> <span class='ocrx_word' id='word_1_387' title='bbox 1786 2962 1810 2987; x_wconf 90' lang='grc' dir='ltr'>ο</span> <span class='ocrx_word' id='word_1_388' title='bbox 1834 2968 1840 2981; x_wconf 90' lang='lat'><em>·</em></span> <span class='ocrx_word' id='word_1_389' title='bbox 1907 2970 1909 2978; x_wconf 92' lang='lat'>·</span> 
     </span>
     <span class='ocr_line' id='line_1_50' title="bbox 351 3006 975 3054; baseline -0.002 -12"><span class='ocrx_word' id='word_1_390' title='bbox 351 3018 374 3043; x_wconf 91' lang='lat' dir='ltr'>o</span> <span class='ocrx_word' id='word_1_391' title='bbox 392 3018 500 3054; x_wconf 82' lang='lat' dir='ltr'>mays</span> <span class='ocrx_word' id='word_1_392' title='bbox 517 3006 739 3043; x_wconf 87' lang='lat' dir='ltr'>fauorecido</span> <span class='ocrx_word' id='word_1_393' title='bbox 755 3006 804 3042; x_wconf 91' lang='lat' dir='ltr'>de</span> <span class='ocrx_word' id='word_1_394' title='bbox 821 3007 975 3048; x_wconf 46' lang='lat' dir='ltr'>Xaca.»</span> 
     </span>
    </p>
   </div>
  </div>
 </body>
</html>
