2018 3510
320 226 388 270 506
797 226 1073 262 MONUMENTA
1099 225 1356 260 XAvERxANA

259 325 337 380 qui
358 327 457 368 Deo
484 327 685 378 student,
718 334 763 370 et
801 326 934 369 saluti
972 324 1239 377 animorum,
1280 332 1346 368 tot
1382 325 1627 379 laboribus,
1669 326 1896 382 tantisque

259 401 416 444 mortis
453 402 665 458 periculis
703 409 1017 455 exerceantur,
1043 409 1156 457 quot
1194 401 1466 458 quantisque
1504 402 1549 445 in
1587 402 1786 446 Maurica
1823 418 1894 447 re-

259 478 411 535 gione.
439 478 587 523 Velim
609 481 759 524 Deum
775 478 1030 534 depreceris
1047 493 1128 534 pro
1145 477 1200 521 iis
1217 478 1293 535 qui
1310 477 1417 521 illuc
1435 478 1601 533 ierunt,
1621 486 1666 522 et
1682 479 1894 536 deinceps

258 554 365 597 ituri
402 562 524 608 sunt3
550 555 808 612 propediem
837 555 956 600 enim
992 555 1125 609 duos,
1151 561 1300 599 tresve
1336 554 1483 598 socios
1521 557 1678 599 eodem
1716 555 1893 600 mittere

258 631 411 674 statui.
438 631 661 675 Nimirum
686 632 845 688 opinor
868 631 1091 675 Mauricas
1112 631 1282 675 insulas
1299 631 1517 688 plurimos
1534 640 1715 677 nostrae
1733 632 1892 678 Socie-

259 707 340 751 tati
362 715 583 764 martyres
605 708 844 765 parituras,
870 715 921 751 ut
942 707 1069 753 brevi
1091 723 1182 751 non
1205 707 1367 761 Mauri,
1393 709 1473 752 sed
1496 709 1698 765 Martyrii
1720 709 1894 754 insulae

258 783 349 827 sint
386 786 694 841 appellandae.
728 787 886 841 Itaque
914 784 1050 839 Socii,
1084 784 1161 840 qui
1197 784 1336 827 vitam
1372 785 1646 841 profundere
1678 793 1896 842 expetunt

258 876 339 917 pro
363 861 563 916 Christo,
589 863 708 905 bono
737 862 886 905 animo
913 862 1019 915 sint,
1060 861 1429 918 praecipiantque
1466 862 1684 918 gaudium
1712 862 1834 916 licet,
1859 863 1895 906 si

260 938 442 994 quidem
465 946 672 995 paratum
694 940 864 982 habent
887 938 1177 984 seminarium
1206 938 1540 994 martyriorum,
1574 939 1651 981 ubi
1673 939 1896 996 cupidita-

259 1021 350 1059 tem
374 1016 584 1071 expleant
615 1031 759 1059 suam.
796 1015 1040 1073 Navigatio
1072 1015 1119 1058 in
1144 1014 1385 1073 Japoniam
1418 1030 1471 1060 ac
1499 1015 1630 1061 Sinas
1653 1018 1719 1074 (ut
1740 1031 1897 1060 omnes

258 1091 368 1134 mihi
390 1092 732 1149 praenunciant)
755 1100 824 1136 est
853 1107 1168 1137 aerumnarum
1201 1106 1254 1136 ac
1285 1092 1586 1149 periculorum
1618 1093 1891 1149 plenissima:

258 1182 346 1224 ego
383 1168 603 1211 nihildum
642 1184 727 1212 usu
766 1177 1046 1226 compertum
1083 1170 1253 1213 habeo:
1295 1183 1399 1212 cum
1436 1169 1542 1213 illuc
1586 1170 1890 1223 transmisero,

259 1245 380 1300 quod
397 1252 499 1301 post
521 1246 635 1289 duos
656 1254 702 1289 et
723 1246 1005 1289 dimidiatum
1028 1260 1228 1291 mensem
1252 1246 1455 1288 futurum
1483 1245 1691 1299 arbitror,
1722 1246 1826 1290 inde
1849 1254 1894 1291 te
1954 1243 1958 1246 ’

257 1321 495 1365 certiorem
519 1323 678 1366 faciam
701 1324 758 1367 de
781 1323 990 1366 omnibus
1013 1323 1164 1366 rebus
1189 1324 1256 1366 Ita
1282 1322 1361 1366 ubi
1385 1330 1449 1376 tu,
1474 1325 1575 1366 Deo
1598 1324 1891 1379 approbante,

259 1397 305 1440 in
328 1398 498 1442 Indiam
520 1385 715 1451 veneris,
741 1414 860 1442 anno
884 1399 1043 1456 opinor
1070 1399 1274 1455 proximo
1306 1414 1332 1442 a
1363 1414 1436 1444 me
1468 1400 1620 1443 literas
1651 1399 1895 1458 Japonicas

258 1474 468 1531 accipies.
515 1476 728 1519 Nunnius
760 1476 924 1520 Ribera
961 1475 1180 1519 Amboini
1218 1483 1302 1529 est,
1345 1476 1512 1532 oppido
1547 1491 1656 1520 sane
1693 1483 1808 1530 tuto,
1848 1485 1894 1521 et

260 1549 530 1595 Christianis
553 1553 792 1608 frequenti:
824 1568 880 1596 ex
908 1554 1006 1609 ejus
1034 1552 1175 1596 literis
1203 1552 1403 1598 intellexi
1436 1567 1545 1598 sane
1579 1554 1764 1598 uberem
1798 1555 1892 1597 fru-

262 1634 386 1671 ctum
409 1629 507 1684 ejus
528 1629 695 1673 laboris
713 1637 882 1675 extare.

347 1718 418 1748 20.
484 1706 606 1751 Socii
647 1708 738 1750 duo
779 1707 857 1762 qui
897 1708 943 1751 in
986 1707 1230 1751 Comorino
1274 1707 1590 1751 Promontorio
1632 1715 1886 1761 versantur,

255 1796 423 1839 magno
444 1790 552 1826 sunt
574 1783 639 1828 rei
661 1783 945 1828 Christianae
962 1785 1239 1840 adjumento.
1265 1785 1315 1827 Id
1337 1785 1451 1829 adeo
1468 1798 1524 1827 ex
1541 1784 1681 1828 literis
1704 1799 1816 1840 quas
1832 1786 1889 1829 ad

256 1866 299 1902 te
320 1859 450 1903 mitto
472 1859 727 1917 intelligere
748 1861 932 1918 poteris,
958 1861 1035 1905 ubi
1067 1861 1130 1904 illi
1162 1862 1218 1905 de
1257 1861 1466 1905 omnibus
1503 1861 1639 1905 rebus
1677 1861 1771 1905 suis
1809 1862 1888 1905 tibi

254 1936 554 1991 perscribunt.
580 1937 741 1981 Visum
763 1945 832 1982 est
859 1940 957 1981 Deo
980 1938 1289 1981 dulcissimum
1318 1938 1501 1981 fratrem
1529 1945 1733 1981 nostrum
1761 1938 1889 1982 Ada-

254 2027 377 2056 mum
399 2014 435 2056 F
438 2013 691 2057 ranciscum
714 2031 770 2059 ex
791 2017 876 2058 hac
897 2015 990 2059 vita
1017 2029 1222 2067 evocare,
1260 2021 1309 2058 ut
1337 2014 1378 2059 ei
1414 2014 1708 2070 plurimorum
1745 2014 1889 2059 maxi-

254 2104 522 2147 morumque
552 2092 757 2134 laborum
787 2093 1067 2148 persolveret
1098 2091 1311 2148 praemia.
1350 2093 1472 2135 Mors
1504 2098 1738 2136 anteactae
1768 2090 1890 2136 vitae

255 2167 502 2222 respondit,
538 2182 655 2223 quae
688 2168 886 2223 quidem,
916 2176 1136 2224 quantum
1165 2169 1222 2211 ab
1250 2167 1348 2211 aliis
1377 2167 1546 2224 accepi,
1581 2175 1627 2211 et
1657 2168 1753 2224 ipse
1784 2182 1888 2224 per-

254 2242 397 2298 spexi,
422 2244 662 2289 sanctitate
682 2245 848 2288 floruit.
875 2245 956 2289 Vir
979 2245 1064 2288 fuit
1084 2245 1216 2301 plane
1234 2244 1351 2300 pius,
1376 2258 1635 2301 magnoque
1656 2243 1791 2287 animi
1813 2258 1885 2287 ar-

255 2319 366 2363 dore
388 2319 434 2363 in
457 2320 659 2364 Ethnicis
686 2322 744 2364 ad
775 2321 1008 2365 Christum
1040 2320 1359 2378 aggregandis.
1395 2320 1614 2377 Equidem
1648 2320 1793 2377 magis
1824 2320 1887 2363 illi

255 2409 327 2438 me
349 2398 630 2451 commendo,
667 2413 802 2454 quam
834 2398 981 2455 ipsum
1014 2398 1283 2442 commendo
1315 2399 1433 2450 De0,
1468 2411 1733 2453 persuasum
1765 2397 1884 2440 enirn

253 2473 399 2516 habeo
422 2487 526 2516 eum
542 2475 636 2530 jam
658 2475 954 2529 beatitudine,
980 2476 1036 2518 ad
1058 2489 1193 2531 quam
1214 2481 1348 2518 natus
1370 2481 1482 2528 erat,
1508 2473 1690 2530 perfrui.

344 2560 414 2592 21.
480 2551 614 2594 Nunc
637 2566 725 2607 ego
748 2553 895 2596 Goam
917 2552 1159 2604 contendo,
1185 2558 1236 2594 ut
1258 2565 1330 2594 me
1352 2551 1409 2594 ad
1430 2550 1701 2608 Japonicum
1729 2549 1816 2594 iter
1836 2549 1883 2592 in

254 2624 458 2680 Aprilem
479 2627 731 2681 proximum
753 2636 928 2673 mature
950 2643 1223 2684 comparem.
1250 2629 1287 2671 E
1308 2628 1410 2671 Goa
1437 2627 1484 2670 in
1516 2626 1792 2679 Cambaiam,
1828 2627 1885 2669 ad

256 2702 516 2745 Praetorem
533 2702 701 2756 Indiae,
722 2704 798 2759 qui
816 2719 938 2747 nunc
956 2704 1140 2748 Bazaini
1156 2711 1240 2757 est,
1261 2703 1536 2760 proficiscar,
1555 2709 1606 2745 ut
1622 2702 1659 2746 is
1676 2709 1721 2747 et
1737 2703 1884 2746 Molu—

254 2777 457 2821 censium
479 2778 840 2822 Christianorum
863 2781 1114 2824 rationibus
1141 2781 1367 2834 consulat,
1400 2786 1444 2825 et
1472 2778 1715 2836 prospiciat
1742 2778 1888 2823 Sociis

254 2868 369 2910 quos
390 2853 497 2898 illuc
519 2869 619 2897 sum
641 2856 903 2911 propediem
920 2856 1156 2900 missurus.
1177 2858 1227 2900 In
1243 2857 1315 2900 his
1331 2871 1450 2900 unus
1473 2855 1557 2900 erit
1578 2853 1884 2908 concionator,

254 2930 332 2987 qui
354 2930 401 2974 in
422 2930 549 2987 regio
571 2931 736 2987 oppido
758 2939 1074 2985 commoretur,
1100 2933 1358 2989 praesitque
1380 2931 1585 2988 Collegio
1613 2930 1883 2985 inchoando,

257 3008 334 3051 ubi
357 3007 662 3052 Mauricorum
700 3007 1075 3061 Christianorum,
1116 3009 1527 3064 Lusitanorumque
1562 3006 1717 3064 pupilli
1752 3006 1884 3050 insti-
