2018 3510
564 225 703 260 EPIST.
736 232 890 269 17.-15
908 225 1109 270 JANUARH
1132 235 1221 271 1544
1592 237 1659 274 297

65 330 181 370 hanc
204 328 262 369 ob
291 341 476 369 causam
501 340 592 368 non
616 333 720 369 ante
743 326 801 370 ad
830 340 902 369 me
934 333 1175 370 uenerunt.
1209 328 1359 382 Quam
1383 343 1576 385 magnae
1599 330 1707 376 mihi

64 403 288 459 uoluptati
307 402 493 455 fuerint,
518 405 647 447 Deus
669 402 812 445 novit.

156 493 198 524 2.
263 479 486 524 Dominus
503 481 696 533 Paulus,
725 481 760 522 F
763 479 996 523 ranciscus
1021 480 1231 524 Mansilla
1248 488 1293 525 et
1309 495 1397 537 ego
1416 483 1532 526 bene
1550 483 1593 526 in
1612 485 1707 526 Do-

66 557 188 601 mino
212 558 429 601 ualemus.
456 557 681 600 Dominus
714 557 886 600 Paulus
929 558 1059 601 Goae
1081 557 1178 614 agit
1207 557 1252 601 in
1283 558 1477 614 collegio
1514 561 1708 603 Sanctae

66 634 209 688 Fidei,
236 649 372 689 quem
394 648 535 689 penes
564 648 811 690 puerorum
835 633 896 676 ibi
920 634 1221 677 habitantium
1245 642 1314 679 est
1336 649 1460 688 cura3
1488 651 1575 691 ego
1600 651 1708 680 uero

63 719 109 755 et
129 713 165 762 F
169 711 402 755 ranciscus
423 726 594 761 annum
617 711 704 754 iam
723 718 768 755 et
791 725 845 755 eo
883 711 1075 767 amplius
1113 726 1272 755 sumus
1295 713 1416 768 apud
1440 712 1709 756 christianos

60 788 161 835 eius
189 788 405 845 regionis,
431 803 547 844 quae
570 788 889 844 indigenarum
913 788 1071 845 lingua
1099 789 1378 838 Commorim
1401 790 1655 845 appellatur
1673 792 1703 833 ⁵.

63 865 123 909 Hi
165 865 211 908 in
235 880 402 922 magno
424 873 532 909 sunt
554 880 744 908 numero
767 872 812 910 et
835 867 1059 909 accedunt
1090 867 1147 910 ad
1177 882 1255 911 eos
1284 866 1487 922 quotidie
1509 867 1705 923 plurimi:

61 943 136 986 vbi
158 943 352 1000 primum
379 942 425 985 in
449 957 572 986 oram
610 942 717 987 ueni
741 957 876 998 quam
911 943 1132 996 habitant,
1169 958 1306 986 curae
1329 943 1438 986 mihi
1468 943 1555 986 fuit
1578 943 1708 986 inda-

60 1035 171 1079 gare
207 1035 343 1076 quam
365 1020 424 1064 de
445 1020 629 1063 Christo
667 1019 863 1063 Domino
901 1027 1058 1063 nostro
1097 1020 1304 1063 notitiam
1334 1022 1569 1065 haberent.
1598 1023 1708 1064 Per-

62 1104 304 1142 cunctatus
326 1112 426 1140 sum
450 1112 560 1140 num
583 1104 791 1140 tenerent
823 1097 1039 1140 articulos
1061 1097 1183 1150 fidei,
1217 1098 1326 1153 quid
1349 1099 1604 1150 crederent,
1632 1105 1711 1141 aut

137 1200 151 1219 ³
201 1199 246 1233 P.
266 1198 411 1233 Paulus
431 1198 593 1235 Camers
613 1203 653 1234 et
671 1199 734 1233 Fr.
756 1197 990 1233 Franciscus
1009 1199 1237 1245 Mansilhas,
1257 1198 1323 1245 qui
1351 1198 1464 1234 initio
1486 1199 1577 1234 anni
1606 1207 1710 1244 1542,

64 1260 168 1302 (cum
187 1270 237 1293 ex
256 1257 498 1293 Mozambico
516 1258 711 1293 Xaverius
736 1258 776 1293 in
802 1257 951 1293 Indiam
971 1259 1159 1303 solveret)
1186 1258 1225 1293 in
1250 1258 1387 1293 eadem
1413 1258 1538 1294 insula
1564 1270 1713 1294 reman-

65 1323 209 1363 serant,
229 1323 478 1363 aegrotorum
503 1317 738 1353 xenodochii
762 1329 895 1353 curam
921 1329 990 1364 per
1014 1318 1171 1365 aliquod
1195 1324 1351 1364 tempus
1375 1318 1561 1364 habituri,
1587 1319 1711 1354 Goam

66 1376 247 1412 videntur
265 1377 463 1424 appulisse
482 1377 545 1412 die
566 1387 611 1412 20
630 1376 816 1414 Octobris
835 1377 874 1412 in
899 1377 1066 1413 navibus
1090 1377 1229 1413 classis
1254 1378 1408 1424 regiae,
1438 1390 1538 1424 quae
1559 1379 1631 1412 hac
1651 1378 1714 1412 die

66 1442 343 1484 pervenerunt:
365 1436 520 1472 «sendo
538 1437 578 1483 ja
596 1437 706 1472 vinte
724 1437 936 1472 d’outubro
954 1438 1147 1483 chegarao
1165 1449 1208 1472 as
1223 1449 1318 1472 naos
1333 1437 1382 1472 do
1397 1438 1536 1484 Reyno
1552 1449 1573 1472 a
1588 1437 1712 1473 Goa.»

64 1495 255 1541 CORREA,
290 1497 446 1532 Lendas
476 1498 529 1532 da
560 1497 697 1539 India,
728 1503 756 1532 t.
790 1497 858 1540 IV,
890 1502 989 1543 part.
1023 1498 1054 1541 1,
1089 1497 1225 1533 Lenda
1256 1499 1303 1533 de
1329 1497 1384 1532 M.
1415 1498 1467 1532 A.
1500 1499 1547 1533 de
1568 1498 1710 1539 Sousa,

62 1568 146 1603 cap.
163 1557 271 1591 X111.
290 1557 333 1591 [n
348 1557 420 1592 hac
435 1558 531 1592 urbe
546 1568 648 1592 anno
663 1556 844 1604 sequenti
865 1568 932 1591 eos
959 1557 1154 1592 Xaverius
1181 1557 1332 1601 invisit,
1358 1568 1570 1604 secumque
1598 1558 1715 1592 Fran—

64 1616 209 1651 ciscum
228 1617 440 1652 Mansilhas
459 1617 586 1662 duxit,
607 1622 649 1652 ut
667 1617 867 1664 expressis
886 1617 1019 1652 verbis
1038 1616 1182 1652 dicitur
1200 1617 1240 1652 in
1255 1617 1421 1664 epistola
1436 1617 1562 1652 Patris
1579 1617 1715 1652 Lanei-

63 1676 148 1712 lotti
165 1676 214 1711 ad
234 1677 272 1712 S.
295 1677 508 1723 Ignatium,
528 1677 638 1713 Goae
657 1687 677 1722 5
698 1677 935 1712 Novembris
954 1677 1046 1712 anni
1068 1677 1159 1722 1546
1177 1677 1282 1723 data,
1302 1683 1342 1713 et
1372 1678 1412 1712 in
1445 1677 1619 1712 Selectae
1650 1677 1715 1711 In-

63 1737 228 1772 diarum
247 1738 438 1784 epistolae
455 1737 575 1783 edita,
596 1749 663 1784 pp.
693 1746 815 1783 10-19.
843 1737 924 1772 Nos
944 1748 1038 1772 vero
1061 1737 1327 1783 fragmentum
1353 1749 1402 1772 ex
1428 1738 1512 1784 ipso
1536 1737 1716 1783 originali

64 1796 337 1832 exscribimus:
358 1797 519 1844 «Itaque
537 1809 626 1832 cum
646 1797 799 1832 videret
823 1796 1050 1843 [Xaverius]
1075 1808 1191 1843 posse
1223 1808 1266 1832 se
1297 1796 1336 1831 in
1368 1803 1518 1844 partem
1546 1796 1715 1844 aliquam

64 1855 119 1891 ire
137 1856 204 1891 vbi
223 1868 337 1891 suum
356 1857 527 1892 officium
561 1857 701 1892 melius
727 1862 947 1902 exerceret,
975 1856 1108 1892 statim
1133 1857 1224 1892 hinc
1250 1857 1442 1892 ducentas
1468 1858 1600 1891 leucas
1627 1868 1716 1892 sese

63 1916 242 1962 contulit,
260 1928 360 1963 quae
379 1916 581 1963 provincia
599 1916 743 1952 dicitur
756 1923 875 1964 caput
889 1917 1101 1962 Camorim,
1118 1917 1185 1952 vbi
1200 1917 1283 1952 fere
1298 1916 1608 1952 innumerabiles
1621 1928 1717 1962 gen-

63 1975 151 2012 tiles
170 1975 401 2022 baptizauit,
421 1982 461 2011 et
479 1976 535 2011 ibi
552 1988 622 2023 per
640 1988 785 2011 annum
804 1977 867 2011 vel
887 1975 990 2012 circa
1010 1976 1166 2012 mansit.
1188 1976 1358 2020 Deinde,
1379 1975 1513 2011 nescio
1532 1975 1580 2010 ad
1607 1975 1715 2022 quid,

63 2033 137 2069 huc
156 2034 336 2081 reuertit,
356 2040 396 2070 et
420 2035 573 2071 inuenit
596 2035 796 2070 dominum
821 2036 986 2071 Paulum
1012 2041 1051 2071 et
1076 2036 1328 2071 Franciscum
1354 2035 1403 2070 de
1429 2035 1624 2080 Mansilla,
1650 2035 1717 2081 qui

58 2092 136 2139 jam
154 2099 346 2130 venerant
365 2095 536 2131 Goam...
560 2094 671 2130 Abiit
690 2094 822 2142 itaque
842 2100 882 2130 et
901 2095 1015 2130 duxit
1033 2107 1168 2130 secum
1188 2094 1439 2130 Franciscum
1459 2095 1508 2129 de
1535 2094 1717 2129 Mansilla

63 2153 111 2188 ad
127 2154 214 2189 illas
232 2160 365 2201 partes
383 2155 488 2190 vnde
507 2160 685 2201 venerat,
705 2155 774 2190 vbi
792 2156 958 2190 alterum
978 2167 1123 2190 annum
1150 2155 1306 2198 mansit,
1332 2166 1409 2189 non
1435 2154 1521 2189 sine
1547 2153 1717 2189 maximo

64 2212 137 2249 Dei
154 2213 356 2249 seruitio.»
375 2215 479 2250 Hinc
497 2215 720 2261 corrigendi
739 2220 831 2250 sunt
847 2220 1044 2261 auctores,
1063 2215 1129 2262 qui
1148 2220 1329 2250 asserunt
1344 2213 1565 2249 Mansillam
1580 2213 1714 2249 statim

65 2278 151 2319 post
169 2273 254 2320 ejus
273 2274 399 2310 Goam
417 2275 647 2321 adventum,
663 2275 703 2310 in
724 2274 1040 2310 Promontorium
1059 2273 1315 2310 Comorinum
1330 2275 1569 2321 perrexisse,
1586 2279 1628 2308 ut
1643 2274 1717 2308 Va-

65 2331 211 2378 lignani
229 2336 376 2380 (supra,
397 2345 486 2381 pag.
506 2337 582 2379 49),
602 2333 669 2381 qui
687 2334 843 2370 initium
862 2333 1068 2381 epistolae,
1087 2345 1203 2381 quam
1229 2332 1415 2380 supponit
1439 2333 1569 2368 datam
1593 2332 1716 2367 fuisse

67 2400 109 2427 22
127 2392 190 2428 die
209 2393 400 2439 Januarii,
420 2393 478 2429 sic
495 2394 678 2439 mutavit,
698 2399 742 2429 ut
759 2406 920 2429 sensum
940 2394 1098 2429 omnino
1122 2393 1306 2428 redderet
1329 2392 1530 2428 diversum
1556 2393 1604 2428 ab
1630 2398 1718 2427 octo

65 2450 275 2499 hispanicis
294 2453 503 2500 exemplis,
522 2465 620 2500 quos
639 2453 679 2489 in
697 2459 829 2489 annot.
855 2462 868 2488 1
887 2453 1003 2500 hujus
1018 2453 1209 2500 epistolae
1223 2452 1392 2499 (hispan.
1410 2455 1527 2497 text.)
1541 2463 1718 2487 numera-

66 2521 163 2556 mus3
182 2512 236 2547 ait
254 2513 373 2548 enim:
396 2514 502 2549 «Mas
520 2514 569 2549 ha
583 2513 633 2548 de
652 2526 704 2549 vn
723 2517 797 2553 afio
815 2525 891 2561 que
910 2526 963 2548 vn
981 2514 1180 2549 Hermano
1201 2525 1226 2559 y
1245 2524 1296 2559 yo
1322 2518 1494 2548 estamos
1513 2523 1587 2547 con
1612 2517 1719 2551 estos

65 2570 238 2617 xpianos.
258 2572 321 2607 del
340 2573 439 2609 cabo
457 2572 506 2608 de
525 2572 751 2608 Comorin.»
771 2573 871 2609 Cum
890 2573 934 2607 P.
956 2572 1168 2619 Valignani
1186 2572 1375 2607 convenit
1393 2573 1478 2607 cod.
1514 2570 1716 2617 Villarej.,

64 2622 128 2676 q'ui
145 2630 227 2666 fere
246 2631 386 2666 iisdem
405 2632 538 2668 verbis
557 2631 694 2668 utitur:
716 2633 821 2668 «Mas
840 2633 889 2667 ha
903 2632 952 2667 de
971 2644 1024 2667 un
1041 2635 1115 2667 ano
1132 2643 1208 2679 que
1228 2631 1437 2667 Francisco
1467 2630 1667 2666 Mansillas
1694 2642 1719 2677 y

63 2700 113 2735 yo
131 2696 301 2727 estamos
319 2703 394 2727 eon
419 2697 526 2728 estos
551 2704 719 2739 xpanos.
745 2692 808 2728 del
823 2694 921 2728 cabo
936 2692 985 2727 de
1001 2691 1233 2728 Comorin.»
1251 2691 1427 2727 Adverte
1446 2691 1563 2727 etiam
1580 2692 1717 2725 horum

62 2746 226 2785 duorum
244 2751 479 2798 scriptorum
498 2753 665 2787 alterum
682 2751 840 2799 quidem
859 2756 1010 2798 partem
1029 2751 1220 2799 epistolae
1239 2751 1279 2786 in
1303 2750 1580 2798 compendium
1605 2749 1716 2784 rede-

60 2806 180 2855 gisse,
198 2811 364 2846 alterum
383 2822 477 2847 vero
495 2811 644 2859 aliquot
662 2812 748 2858 ejus
767 2811 989 2857 fragmenta
1008 2816 1160 2855 tantum
1175 2810 1366 2847 edidisse.
1387 2811 1528 2845 Mirum
1544 2820 1638 2844 sane
1655 2814 1716 2844 est

63 2864 163 2903 idem
181 2869 339 2905 omnino
364 2870 584 2906 asseruisse
611 2871 776 2906 latinum
801 2872 1041 2918 exemplum,
1067 2871 1171 2918 quod
1197 2870 1354 2906 damus.
1391 2871 1499 2905 Inter
1530 2868 1717 2915 epistolas

0 2967 1 2971 Ἰ
63 2925 200 2972 editas,
219 2929 480 2977 Tursellinus,
500 2932 714 2966 Menchaca
728 2939 768 2966 et
782 2929 950 2966 Cutillas
965 2931 1065 2966 hanc
1080 2936 1232 2978 partem
1247 2929 1398 2977 periodi
1413 2928 1716 2976 praeterierunt.

65 2984 319 3024 Lovaniensis
338 2989 460 3025 editio
481 2990 687 3037 Epistolae
705 2990 885 3032 Indicae,
905 2991 953 3026 de
972 2991 1179 3037 stvpendis
1202 2993 1239 3026 et
1254 2989 1487 3037 praeclaris
1508 2988 1623 3022 rebus
1643 2989 1714 3026 etc,

65 3054 152 3080 cum
170 3050 351 3095 exemplo
369 3054 503 3084 nostro
522 3049 644 3084 latino
661 3049 866 3084 convenit.
