2018 3510
326 197 394 242 536
820 202 1092 238 MONUMENTA
1111 202 1361 237 XAVERxANA

275 313 394 353 quae
417 299 462 341 in
484 300 744 355 Gymnasiis
765 302 939 359 vigent,
970 304 1026 346 ad
1054 317 1137 345 vos
1166 317 1301 358 quam
1330 303 1664 346 accuratissime
1691 303 1898 347 scribam.

279 375 462 419 Interim
484 376 594 419 illud
622 393 691 421 me
726 380 856 422 valde
892 380 1086 423 delectat
1115 380 1236 435 quod
1263 395 1319 424 ex
1349 381 1490 423 Paulo
1518 381 1565 424 S.
1597 379 1722 422 Fidei
1751 387 1903 423 nostro

274 452 442 496 comite
465 453 633 510 accepi,
660 455 704 497 in
727 456 824 511 ejus
846 456 989 512 patria
1011 455 1279 500 coenobium
1301 471 1400 500 esse
1422 471 1530 500 sane
1552 457 1763 511 frequens
1781 457 1902 498 Bon-

280 528 469 582 ziorum,
496 531 572 586 qui
595 532 729 575 certis
753 532 1117 575 meditationibus
1139 540 1454 577 exerceantur.

374 619 439 660 14.
506 607 687 664 Quippe
717 609 924 652 coenobii
958 610 1148 654 Praeses
1181 609 1232 666 (is
1254 609 1461 653 doctrina
1483 609 1673 653 coeteris
1695 610 1904 666 praestat)

275 683 535 727 domesticis
569 685 778 728 omnibus
813 700 954 728 unum
988 686 1034 728 in
1071 687 1220 729 locum
1257 686 1532 738 convocatis,
1573 687 1629 729 ad
1666 700 1743 729 eos
1779 685 1905 741 quasi

276 759 541 805 concionem
571 763 728 814 habet,
772 769 865 805 turn
895 769 1063 806 certam
1091 763 1256 818 cuique
1284 778 1362 818 per
1390 765 1545 806 horam
1574 761 1905 806 commentandi

276 836 509 880 materiam
538 838 763 894 proponit.
798 839 1002 895 Exempli
1037 854 1188 882 causa.
1230 840 1346 883 Cum
1384 846 1584 884 extremo
1616 840 1710 895 jam
1748 837 1907 894 spiritu

281 927 401 956 mors
422 928 578 956 vocem
602 914 879 969 intercludit,
904 916 941 958 si
965 923 1060 958 tum
1083 916 1260 960 animae
1281 931 1337 959 ex
1359 930 1546 972 corpore
1568 914 1818 959 discedenti
1839 916 1908 958 lo-

283 990 452 1045 quendi
475 992 663 1034 facultas
686 992 833 1044 detur⁷
860 993 1025 1048 quibus
1048 992 1228 1036 tandein
1250 992 1400 1035 verbis
1422 992 1467 1036 in
1490 992 1565 1035 illo
1582 992 1791 1048 digressu
1807 1005 1906 1034 cor-

282 1080 367 1122 pus
391 1068 643 1122 alloquatur
666 1083 813 1111 suum.
842 1071 1042 1125 Itemque
1065 1070 1102 1112 si
1125 1070 1225 1126 quis
1241 1069 1410 1114 existat
1426 1070 1483 1112 ab
1500 1068 1655 1111 inferis
1672 1075 1906 1111 revocatus

280 1142 329 1185 in
350 1143 458 1195 vita,
492 1144 705 1199 quidnam
734 1146 926 1190 coeteris
953 1147 1161 1191 videatur
1183 1161 1283 1191 esse
1305 1146 1524 1189 dicturus.
1553 1147 1723 1188 Exacto
1745 1143 1908 1189 deinde

279 1208 525 1264 meditandi
543 1223 703 1277 spatio,
725 1223 944 1267 rationem
962 1223 1265 1267 meditationis
1287 1223 1482 1279 reposcit
1504 1237 1528 1264 a
1546 1221 1752 1278 singulis:
1774 1235 1906 1276 quem

282 1296 387 1339 boni
416 1297 640 1354 quippiam
670 1300 871 1355 proferre
897 1300 1036 1353 videt,
1061 1301 1301 1354 collaudat;
1334 1315 1468 1356 quem
1497 1313 1645 1350 secus,
1676 1299 1902 1354 objurgat.
1943 1292 1945 1294 ³

279 1374 472 1417 Eosdem
497 1375 692 1418 Bonzios
714 1376 775 1419 ait
797 1377 1134 1433 quintodecimo
1163 1392 1347 1433 quoque
1376 1377 1449 1419 die
1476 1390 1729 1420 sermonem
1752 1375 1809 1418 ad
1825 1389 1906 1431 po-

279 1450 435 1505 pulum
458 1453 639 1504 habere,
666 1454 758 1508 freq
768 1453 890 1497 uenti
912 1469 1022 1498 sane
1043 1469 1096 1497 ac
1118 1455 1318 1497 secunda
1339 1453 1573 1496 concione.

378 1539 443 1581 15.
510 1530 715 1584 Namque
738 1530 854 1575 inter
876 1531 1115 1574 dicendum
1139 1530 1442 1574 atrocissimos
1463 1529 1708 1573 inferorum
1735 1527 1909 1572 crucia-

284 1612 357 1647 'tus
379 1604 426 1646 in
450 1606 601 1649 tabula
630 1607 835 1663 depictos
863 1614 1105 1660 ostentare,
1137 1607 1452 1662 horrendaque
1479 1606 1554 1649 illa
1580 1605 1728 1662 specie
1758 1606 1908 1648 fanum

280 1696 386 1724 cum
409 1683 561 1739 populi
589 1683 803 1737 universi,
838 1692 932 1727 tum
961 1700 1071 1728 vero
1099 1684 1338 1728 mulierum
1367 1685 1585 1740 plangore
1612 1697 1665 1726 ac
1693 1683 1910 1726 lamenta-

283 1759 403 1803 tione
433 1761 659 1816 compleri.
695 1763 822 1806 Haec
851 1769 901 1804 ut
924 1761 1015 1804 dixi
1046 1762 1216 1805 Paulus
1239 1761 1349 1804 mihi
1375 1759 1588 1813 narravit3
1616 1759 1692 1815 qui
1724 1765 1910 1815 rogatus

285 1849 475 1892 ecquam
505 1853 559 1882 ex
588 1838 883 1882 concionibus
911 1838 998 1881 illis
1025 1837 1296 1882 sententiam
1328 1837 1542 1880 memoria
1575 1842 1763 1889 teneret,
1796 1837 1910 1878 hanc

282 1928 419 1957 unam
438 1915 686 1970 respondit,
708 1915 959 1971 improbum
981 1915 1209 1958 hominem
1232 1929 1331 1959 esse
1352 1913 1543 1957 Diabolo
1560 1913 1659 1969 ipso
1678 1910 1906 1968 capitalio-

286 2006 396 2042 rem,
431 1992 552 2046 quod
580 1991 653 2036 ille
682 1993 914 2048 complura
941 1993 1126 2044 scelera,
1161 1999 1212 2034 ut
1241 1992 1427 2042 furtum,
1458 1989 1720 2046 perjurium,
1752 1996 1797 2032 et
1828 1987 1912 2031 alia

286 2068 489 2122 ejusdem
521 2069 641 2111 modi
670 2084 748 2125 per
780 2071 1113 2113 consceleratos
1143 2068 1264 2111 viros
1301 2082 1353 2111 ac
1392 2067 1610 2111 foeminas
1645 2064 1909 2117 committat,

287 2159 405 2199 quae
428 2160 506 2201 per
527 2161 575 2189 se
598 2146 692 2202 ipse
715 2161 805 2189 non
829 2156 996 2203 posset.
1024 2148 1147 2190 Idem
1169 2145 1278 2188 mihi
1300 2143 1583 2187 confirmavit
1605 2149 1789 2199 gentem
1814 2140 1913 2183 uni-

288 2235 464 2264 versam
497 2237 595 2266 esse
617 2223 789 2267 sciendi
811 2223 1128 2267 avidissimam.
1156 2222 1246 2268 Ubi
1275 2220 1493 2278 explorati
1520 2219 1689 2274 aliquid
1716 2218 1908 2270 habebO,

289 2298 347 2339 ad
369 2312 450 2340 vos
478 2299 749 2354 perscribam
773 2300 972 2344 uberius.
1005 2302 1132 2344 Deus
1154 2314 1237 2343 nos
1269 2298 1315 2341 in
1348 2297 1533 2342 coelesti
1561 2295 1704 2352 patria
1729 2295 1908 2351 jungat.

292 2375 407 2416 Nam
430 2375 476 2417 in
497 2376 572 2431 huj
583 2391 632 2419 us
653 2377 773 2421 vitae
795 2377 928 2421 exilio
950 2392 1008 2420 an
1032 2391 1230 2432 unquam
1253 2390 1336 2419 nos
1353 2373 1543 2420 revisuri
1560 2373 1715 2425 simus,
1736 2372 1909 2428 ignoro.

291 2452 614 2497 Verumtamen
637 2468 689 2496 ea
711 2454 779 2496 vis
808 2461 877 2498 est
898 2453 1198 2508 obedientiae,
1224 2460 1274 2496 ut
1304 2451 1434 2496 facile
1462 2466 1515 2495 ea
1544 2464 1725 2506 quoque
1753 2446 1913 2492 efficia-t

291 2541 407 2583 quae
427 2529 704 2584 perdifficilia
726 2530 979 2575 videantur.

382 2606 438 2647 X.
461 2606 653 2649 Kalend.
674 2608 842 2664 Julius.
868 2609 933 2651 M.
959 2610 1021 2651 D.
1049 2608 1220 2651 XLIX.
1242 2607 1436 2650 Malaca.

1331 2679 1683 2740 [FRANc1scus.]
