2049 3360
836 119 1058 155 APPEme
1083 130 1106 164 4
1676 118 1746 163 967

152 217 192 253 in
213 228 274 264 ep.
297 217 340 252 28
360 217 558 263 dicuntur,
577 230 665 253 nam
684 218 811 265 potuit
829 218 892 254 die
915 227 951 254 11
974 218 1145 255 scribere
1164 219 1357 255 Xaverius
1377 231 1425 255 ex
1445 218 1587 265 oppido
1607 217 1796 253 Vitanda·

150 276 322 325 patanai‚
341 276 514 324 itemque
547 278 609 312 die
641 287 697 324 11,
728 287 768 313 12
795 279 857 314 vel
886 277 928 313 13
952 279 1157 325 pervenire
1183 280 1465 315 Combuturem
1493 283 1532 313 et
1562 277 1725 313 nuncios
1744 277 1794 313 de

151 335 451 371 christianorum
471 338 667 373 aerumnis
692 338 885 384 accipere,
910 344 949 373 et
969 338 1125 373 tandem
1150 338 1213 373 die
1236 347 1278 383 14
1302 350 1467 385 vespere
1492 337 1645 383 ingredi
1664 338 1793 372 Mana-

150 406 297 442 parem.
317 395 444 430 Etiam
469 397 656 432 convenit
680 409 768 432 cum
787 397 861 442 his,
881 409 980 444 quae
1000 397 1038 432 in
1063 409 1125 444 ep.
1152 397 1199 432 3ο
1222 398 1418 433 dicuntur:
1446 397 1485 432 in
1504 397 1668 443 epistola
1687 396 1791 432 enim

149 452 210 499 30,
229 453 320 488 data
338 453 401 489 die
421 453 467 489 30
486 455 592 500 Junii
612 458 725 502 (quae
744 467 844 491 anno
867 465 958 500 1544
976 455 1112 491 incidit
1131 456 1170 491 in
1189 456 1400 492 secundam
1419 455 1571 499 feriam)
1589 455 1698 502 dicit,
1718 457 1793 491 sub

146 513 265 548 finem
285 513 406 557 illius,
426 525 468 548 se
488 514 527 549 in
547 515 642 550 mari
662 516 901 561 transegisse
920 521 1007 550 octo
1025 515 1109 550 dies
1128 527 1216 551 cum
1236 515 1378 561 viginti
1399 515 1567 561 navigiis
1586 518 1730 559 (tones)
1749 521 1792 550 ut

145 572 370 608 christianis
390 584 503 619 opem
522 573 657 618 ferret;
678 580 717 610 et
735 574 847 609 initio
866 574 1055 621 epistolae
1074 574 1226 610 dixerat
1245 587 1287 610 se
1307 576 1555 621 Manaparem
1575 574 1718 609 rediise
1736 573 1790 609 fe-

143 632 201 667 ria
219 632 350 678 tertia,
370 633 458 667 scil.
483 633 546 668 die
567 642 625 677 243
647 633 679 668 si
698 645 791 679 ergo
809 633 925 669 rediit
947 634 1010 669 die
1030 644 1075 679 24
1098 639 1138 669 et
1157 634 1195 669 in
1215 634 1311 669 mari
1337 634 1466 669 fuerat
1491 645 1559 680 per
1583 639 1669 669 octo
1688 632 1789 678 dies,

141 691 342 737 navigium
367 692 649 727 conscenderat
674 693 738 728 die
767 693 823 737 16,
851 693 955 740 quod
982 694 1179 740 expressis
1204 694 1337 729 verbis
1364 693 1553 729 asseritur
1576 693 1615 728 in
1639 705 1701 740 ep.
1727 700 1787 738 27,

138 750 230 785 data
250 750 313 785 die
336 751 392 794 16,
413 751 452 786 in
471 751 582 797 cujus
602 754 843 799 paragrapho
861 753 985 799 primo
1002 752 1098 788 dicit
1121 753 1316 788 Xaverius
1336 765 1377 788 se
1401 753 1465 788 illa
1486 753 1568 799 ipsa
1593 758 1710 788 nocte
1729 763 1790 787 so—

139 811 312 845 luturum
331 822 420 846 cum
439 811 581 857 viginti
601 813 718 853 tonis,
740 824 854 858 opem
873 812 1095 848 christianis
1114 813 1296 848 laturum.

212 870 281 916 Ep.
303 882 344 905 n.
370 869 456 906 4⁶2.
508 871 607 906 Vide
627 871 665 906 in
683 878 815 907 annot.
839 881 853 906 1
876 872 989 918 hujus
1005 872 1192 918 epistolae
1212 873 1346 918 verba,
1365 884 1465 919 quae
1484 884 1532 907 ex
1551 872 1787 907 Menchacae

140 928 381 965 Chronotaxi
399 930 731 977 transcripsimus.
757 932 865 966 Haec
892 938 931 967 et
949 943 1048 978 quae
1068 932 1241 978 proxime
1261 931 1437 978 sequitur
1462 931 1628 978 epistola
1646 930 1785 966 eodem

141 993 332 1035 ternpore,
363 991 425 1025 vel
445 990 588 1035 exigua
619 1002 725 1025 mora
756 990 1000 1037 interposita,
1027 997 1208 1026 exaratae
1239 991 1436 1034 videntur3
1457 1002 1545 1026 narn
1575 992 1728 1036 multa‚.
1745 990 1783 1026 in

141 1053 320 1095 utraque,
338 1049 474 1084 eadem
493 1049 651 1084 omnino
670 1055 774 1096 sunt,
794 1050 886 1085 licet
904 1050 1060 1085 diverso
1079 1049 1213 1085 ordine
1227 1050 1428 1097 disposita;
1449 1051 1550 1085 inter
1569 1061 1669 1096 quae
1689 1050 1784 1085 illud

140 1108 309 1143 maxime
327 1109 540 1144 notandum
558 1116 633 1154 est,
653 1109 865 1144 Xaverium
888 1121 997 1144 suam
1016 1109 1055 1144 in
1083 1121 1188 1144 oram
1207 1109 1465 1144 Travancoris
1484 1108 1783 1156 profectionem,

136 1179 254 1214 quam
269 1168 348 1214 jam
363 1168 444 1214 jam
475 1174 557 1203 erat
574 1168 816 1215 incepturus,
836 1168 875 1204 in
894 1180 939 1204 ea
969 1180 1140 1204 narrare.
1166 1169 1290 1204 Nobis
1320 1168 1492 1215 quidem,
1519 1167 1689 1215 penitius
1712 1168 1782 1203 hu-

131 1226 304 1273 jusmodi
322 1228 560 1274 exemplaria
578 1228 892 1274 inspicientibus,
913 1227 1068 1263 videtur
1091 1229 1205 1274 longe
1225 1228 1464 1274 probabilius
1484 1227 1649 1274 epistola
1666 1236 1712 1271 42
1731 1238 1781 1262 ex

134 1286 286 1322 duabus
313 1288 451 1322 saltem
470 1288 698 1334 composita:
730 1299 779 1322 ex
810 1288 975 1334 epistola
992 1299 1133 1334 nempe
1162 1286 1224 1333 43,
1249 1292 1289 1322 et
1313 1286 1413 1323 forte
1445 1299 1493 1322 ex
1517 1287 1591 1322 alia
1616 1287 1781 1333 epistola

133 1346 317 1392 adjuncta
349 1359 418 1382 seu
436 1347 604 1392 hijuela,
624 1358 724 1394 quae
755 1347 963 1394 separatim
991 1346 1137 1382 monita
1155 1347 1396 1392 continebat,
1416 1358 1515 1393 quae
1543 1346 1582 1381 in
1600 1357 1781 1393 paragra-

134 1406 222 1452 phis
244 1415 258 1441 1
281 1412 321 1441 et
340 1416 360 1442 2
379 1407 642 1453 reperiuntur.

207 1466 283 1512 Ep.
307 1478 346 1501 n.
367 1465 448 1502 45.
501 1467 781 1512 Fragmentum
799 1465 1071 1512 praecedentis
1091 1465 1281 1512 epistolae
1300 1475 1360 1511 44,
1380 1464 1543 1500 forsitan
1563 1465 1602 1500 in
1621 1464 1779 1500 modum

133 1524 310 1571 integrae
329 1526 517 1572 epistolae
535 1525 766 1572 dispositum
785 1536 854 1572 pro
873 1525 1045 1561 editione
1064 1524 1288 1560 Tursellini.

206 1586 277 1631 Ep.
297 1597 335 1620 n.
355 1585 430 1621 51.
480 1586 760 1630 Fragmentum
777 1584 968 1631 epistolae
987 1595 1047 1629 50.
1067 1584 1168 1620 Vide
1192 1596 1292 1632 quae
1317 1584 1357 1619 in
1377 1584 1642 1631 superioribus
1661 1583 1779 1619 lineis

134 1643 302 1680 dicimus
318 1644 367 1680 de
386 1657 452 1691 ep.
475 1653 541 1689 45.

206 1704 277 1751 Ep.
298 1717 336 1739 n.
356 1703 441 1740 54.
492 1705 769 1749 Fragmentum
790 1704 980 1750 epistolae
999 1703 1059 1750 53,
1078 1710 1120 1739 ut
1139 1703 1179 1738 in
1197 1709 1329 1738 annot.
1355 1711 1368 1738 1
1391 1702 1570 1738 dicimus.

205 1765 275 1810 Ep.
296 1776 334 1798 n.
353 1763 432 1799 57.
485 1764 785 1809 Fragmentum,
821 1774 891 1798 seu
926 1762 1054 1809 potius
1094 1762 1369 1809 compendium
1405 1762 1621 1809 aliquarum
1648 1773 1777 1797 rerum

129 1834 177 1857 ex
199 1823 273 1865 his,
292 1834 391 1870 quae
410 1821 450 1857 in
474 1822 655 1869 sequenti
685 1822 851 1869 epistola
881 1822 1061 1867 originali
1088 1827 1307 1867 narrantur,
1335 1833 1404 1868 pro
1433 1820 1644 1856 Tursellini
1661 1822 1779 1856 colle·

125 1882 271 1919 ctione.

197 1943 268 1989 Ep.
289 1955 327 1978 n.
347 1943 446 1979 6⁰.
496 1943 607 1977 Hanc
627 1941 845 1988 epistolam,
868 1947 910 1977 ut
929 1941 969 1976 in
993 1947 1128 1976 annot.
1158 1949 1171 1975 Ι
1193 1940 1374 1985 dicimus,
1395 1940 1530 1975 videre
1555 1952 1633 1975 non
1653 1940 1759 1975 valui

125 2013 225 2046 mus;
257 2002 328 2038 sed
346 2015 395 2038 ex
426 2002 531 2038 illius
549 2001 775 2047 summario,
807 2013 829 2036 a
846 2001 1011 2037 Camara
1038 2001 1190 2036 Manoel
1210 2000 1327 2046 facto,
1359 2001 1455 2035 satis
1486 2001 1589 2035 clare
1614 2005 1778 2046 apparet

125 2074 212 2097 eam
231 2063 520 2109 supposititiam
546 2074 653 2097 esse.
683 2061 878 2108 Imprimis
898 2060 1066 2096 mittitur
1090 2060 1258 2107 epistola
1283 2060 1432 2095 «Fratri
1454 2059 1494 2095 in
1519 2059 1677 2096 Christo
1696 2060 1776 2094 Mo—

125 2121 261 2157 rerisio
281 2121 545 2167 Nicoburg0»,
569 2121 681 2167 cujus
706 2132 849 2156 nornen
868 2119 999 2155 necin
1029 2120 1216 2165 catalogis
1235 2119 1406 2166 antiquis
1432 2119 1674 2164 Lusitaniae,
1699 2130 1775 2155 nec

126 2182 166 2217 in
184 2181 347 2228 privatis
365 2181 540 2228 epistolis
563 2192 733 2227 unquam
757 2185 930 2227 apparet:
956 2179 1113 2225 iterum,
1132 2179 1214 2224 agit
1237 2179 1287 2214 de
1313 2184 1438 2214 morte
1462 2179 1505 2213 P.
1532 2178 1772 2214 Gundisalvi

125 2241 334 2287 (Goncalo)
364 2240 604 2286 Fernandes,
634 2240 745 2286 cujus
775 2251 917 2274 nomen
941 2239 1059 2274 etiam
1078 2238 1118 2273 in
1146 2238 1336 2284 catalogis
1367 2243 1406 2273 et
1430 2237 1606 2284 epistolis
1636 2237 1776 2273 Indiae

125 2300 461 2347 praetermittitur.
481 2299 657 2334 Tandem
670 2298 810 2334 asserit
823 2298 953 2333 datam
967 2297 1088 2333 fuisse
1104 2298 1237 2333 «Goae
1252 2298 1314 2333 die
1333 2307 1377 2343 24
1392 2297 1623 2333 Decembris
1640 2304 1770 2343 1547»,

123 2360 229 2407 quod
246 2365 354 2395 certe
371 2360 512 2395 falsum
539 2364 613 2403 est,
633 2370 721 2394 nam
739 2358 932 2393 Xaverius
951 2369 1000 2393 ex
1019 2357 1182 2393 Molucis
1207 2357 1246 2392 in
1270 2357 1421 2392 Indiam
1445 2356 1624 2403 pervenit
1641 2356 1705 2391 die
1726 2355 1772 2391 13

123 2420 300 2465 Januarii
321 2419 426 2465 1548,
445 2424 488 2454 ut
506 2417 704 2465 expressis
723 2417 854 2453 verbis
873 2417 1060 2452 asseritur
1078 2417 1117 2452 in
1135 2417 1299 2463 epistola
1322 2415 1383 2461 63,
1403 2416 1467 2452 die
1492 2425 1537 2451 20
1561 2417 1650 2462 Jan.
1677 2415 1769 2460 1548

117 2479 222 2524 data,
242 2492 285 2515 n.
313 2479 369 2523 13,
395 2490 488 2524 pag.
518 2487 602 2523 454:
629 2478 688 2512 «A
707 2482 814 2512 treze
832 2476 881 2512 de
900 2476 1058 2522 Janeiro
1075 2476 1203 2511 d'este
1230 2486 1330 2511 anno
1347 2477 1527 2522 cheguey
1551 2487 1572 2511 a
1602 2474 1766 2511 Cochim

121 2539 239 2574 vindo
256 2539 305 2574 de
322 2539 509 2574 Malaca».

187 2599 257 2645 Ep.
277 2610 316 2633 n.
337 2596 428 2634 (35.
480 2596 633 2632 Inedita
651 2602 712 2631 est
730 2595 923 2638 habenda3
949 2607 1039 2631 narn
1057 2594 1239 2642 sequenti
1257 2594 1447 2642 epistolae
1470 2595 1531 2639 66,
1551 2594 1764 2630 Tursellini

114 2657 245 2693 versio
261 2656 489 2704 respondet,
508 2668 529 2691 a
543 2667 620 2702 quo
639 2656 852 2691 Menchaca
866 2654 1010 2702 aliique
1025 2666 1110 2689 eam
1129 2655 1458 2701 transcripserunt
1475 2659 1543 2689 aut
1561 2654 1764 2690 versiones

114 2722 365 2752 ornaverunt.
387 2717 494 2762 Lege
512 2727 613 2762 quae
630 2716 680 2750 de
695 2714 877 2762 sequenti
895 2714 1062 2762 epistola
1079 2714 1260 2749 dicimus.

189 2777 260 2823 Ep.
281 2788 320 2811 n.
339 2774 434 2812 66.
488 2775 592 2810 Nihil
611 2774 718 2810 aliud
736 2779 797 2810 est
815 2786 930 2822 quam
948 2773 1187 2821 praecedens
1211 2773 1391 2820 epistola,
1411 2779 1587 2810 resecata
1605 2773 1687 2809 fere
1705 2773 1761 2809 di-

119 2835 237 2871 midia
255 2841 378 2882 parte.
398 2834 538 2870 Mirum
554 2846 663 2880 sane,
682 2833 785 2880 quod
803 2834 847 2868 P.
867 2833 1032 2869 Cutillas
1051 2845 1136 2869 eam
1156 2833 1318 2879 virgulis
1332 2833 1541 2879 notaverit,
1555 2834 1629 2869 hoc
1645 2832 1760 2868 modo

119 2894 310 2941 indicans,
329 2894 428 2930 utin
459 2894 662 2929 Prooemio
680 2893 834 2937 asserit,
864 2892 1086 2939 hujusmodi
1112 2893 1317 2939 epistolam
1336 2904 1385 2929 ex
1408 2893 1588 2939 originali
1614 2893 1760 2929 exscri—
