2018 3510
325 264 395 310 484
820 263 1094 300 MONUMENTA
1113 263 1366 299 XAVERIANA

276 367 341 410 cis
364 366 420 409 ad
441 364 610 410 Christi
630 366 766 409 fidem
789 364 856 420 adj
866 363 1093 420 ungendis
1115 363 1282 418 idonei,
1307 363 1391 406 viri
1414 379 1569 408 omnes
1592 366 1731 421 -plane
1752 366 1907 412 mode—

276 443 360 488 rati
384 457 437 486 ac
459 457 608 487 rerum
631 441 779 499 periti:
807 440 977 497 Scripsi
999 439 1134 484 etiam
1157 441 1213 484 ad
1243 442 1414 497 Regem
1444 442 1501 485 de
1531 444 1591 485 M.
1625 441 1825 497 Simone,
1856 451 1907 487 ut

274 535 378 565 eum
423 534 527 564 cum
558 525 781 576 potestate
819 518 982 569 mittat,
1019 531 1111 560 non
1143 519 1276 560 modo
1308 517 1551 561 inchoandi
1583 519 1790 575 collegia,
1825 520 1905 564 sed

275 598 410 642 etiarn
454 595 634 640 favendi
675 594 903 651 indigenis
939 593 1209 637 Christianis
1245 601 1381 650 atque
1426 595 1644 648 Ethnicis,
1693 610 1806 651 quos
1848 597 1904 639 ad

276 674 507 718 Christum
530 673 975 729 quantuluscumque
997 678 1271 727 aggregaret
1294 672 1433 733 favor.

366 764 409 806 4.
431 782 450 799 .,
475 750 607 794 Mitto
624 749 681 792 ad
703 747 1079 805 teJaponicarum
1111 747 1342 791 literarum
1364 755 1509 792 notas.
1524 750 1722 807 Japones
1743 748 1906 805 quippe

276 830 333 872 ab
355 828 452 872 aliis
474 827 520 869 in
543 825 769 870 scribendi
799 823 972 867 ratione
1000 824 1213 868 differunt
1242 825 1499 881 plurimum.
1531 827 1648 869 Nam
1677 841 1703 869 a
1729 840 1907 870 summo

275 905 380 959 orsi,
405 905 575 949 directo
597 904 654 946 ad
670 902 759 945 ima
775 901 1073 945 descendunt.
1095 901 1345 957 Quaerenti
1362 902 1470 945 mihi
1487 917 1543 946 ex
1561 903 1703 946 Paulo
1715 904 1906 960 Japone,

277 997 359 1026 cur
386 988 540 1025 nostro
569 994 692 1023 more
719 993 811 1022 non
847 978 1112 1031 scriberent3
1153 978 1286 1034 Quin·
1316 993 1411 1033 vos,
1446 979 1592 1035 inquit
1628 980 1717 1032 ille,
1757 978 1910 1036 potius

278 1073 404 1103 more
425 1064 580 1101 nostro
601 1058 620 1099 Ρ
642 1055 820 1099 Etenim
843 1062 893 1097 ut
914 1054 1109 1098 hominis
1132 1062 1267 1112 caput
1288 1070 1515 1099 summum
1538 1062 1622 1108 est,
1648 1057 1785 1112 pedes
1813 1055 1906 1110 imi,

279 1136 345 1180 Sic
379 1150 458 1192 par
486 1140 570 1188 est,
601 1132 806 1176 homines
835 1145 939 1174 cum
976 1131 1195 1186 scribunt,
1227 1147 1253 1175 a
1280 1147 1456 1176 summo
1494 1133 1703 1176 deorsum
1740 1132 1910 1176 directo

283 1212 402 1257 ferri.
444 1210 805 1267 Descriptionem
849 1209 956 1253 item
988 1208 1208 1267 Japoniae
1245 1217 1290 1254 et
1325 1224 1500 1253 morum
1537 1209 1656 1253 illius
1693 1209 1842 1266 gentis
1882 1224 1909 1252 a

282 1291 425 1334 Paulo
446 1302 647 1332 summae
670 1286 901 1343 religionis
921 1301 973 1329 ac
995 1286 1101 1330 fidei
1122 1287 1219 1329 viro
1247 1294 1477 1343 acceptam
1505 1287 1586 1330 tibi
1617 1287 1764 1330 mitto.
1800 1288 1909 1330 Post

281 1368 396 1410 duos
417 1379 595 1410 menses
616 1378 704 1421 ego
725 1378 828 1406 cum
853 1364 906 1406 P.
929 1363 1094 1407 Cosmo
1123 1363 1362 1418 Turriano‚
1403 1364 1545 1407 Paulo
1581 1371 1627 1407 et
1654 1363 1750 1407 aliis
1772 1365 1908 1421 Japo-

284 1444 418 1487 nibus
439 1443 616 1485 duobus
638 1441 654 1462 ⁴
677 1441 848 1484 solvam
866 1440 918 1498 (si
940 1441 1039 1485 Deo
1061 1440 1185 1483 cordi
1207 1440 1304 1496 erit)
1328 1440 1373 1483 in
1390 1441 1642 1499 Japoniam.
1669 1442 1777 1484 Inde
1805 1440 1911 1496 quid

282 1535 438 1565 eorum
466 1518 607 1563 literis
645 1517 929 1561 contineatur
950 1517 1007 1560 ad
1036 1523 1081 1562 te
1103 1517 1391 1573 perscribam.
1424 1519 1540 1561 Nam
1573 1533 1629 1562 ex
1659 1518 1800 1560 Paulo
1830 1519 1910 1560 ho-

284 1598 406 1641 mine
441 1596 580 1639 idiota
617 1608 894 1652 cognoscere
923 1608 1014 1636 non
1042 1594 1169 1650 potui
1197 1595 1319 1650 quod
1353 1609 1585 1650 nunquam
1614 1594 1813 1650 attigerit
1833 1595 1909 1652 Ja-

285 1674 446 1731 ponica
472 1673 703 1716 literarum
729 1678 1038 1724 monumenta,
1071 1685 1185 1726 quae
1229 1671 1446 1728 (similiter
1474 1679 1524 1714 ut
1557 1672 1677 1727 apud
1704 1686 1786 1714 nos
1812 1670 1912 1714 libri

284 1751 438 1807 scripti
461 1749 635 1805 Latine)
658 1748 802 1792 aliena
825 1747 953 1803 quasi
976 1749 1168 1803 quadam
1190 1748 1348 1805 lingua
1368 1749 1630 1804 loquuntur.
1655 1750 1790 1806 Jesus
1816 1747 1909 1791 Do—

284 1828 434 1871 minus
455 1833 608 1870 noster
629 1826 790 1868 doceat
811 1839 893 1867 nos
916 1825 1065 1869 facere
1087 1826 1366 1869 voluntatem
1389 1840 1532 1879 suam,
1564 1832 1609 1868 et
1630 1826 1766 1881 hujus
1792 1824 1912 1868 vitae

283 1904 513 1948 laboribus
550 1903 814 1960 perfunctos
851 1902 907 1944 ad
938 1902 1117 1945 beatam
1150 1901 1269 1945 illam
1313 1908 1632 1959 aeternamque
1675 1902 1912 1946 transferat

285 1983 453 2026 sedem.
480 1982 644 2025 Amen.
672 1980 801 2022 XIX.
823 1979 928 2022 Kal.
956 1978 1085 2022 Febr.

1299 2057 1467 2099 Cocim‘.

358 2225 373 2245 ‘⁴
425 2222 523 2258 Vide
542 2221 841 2269 praecedentem
860 2220 1078 2267 epistolam,
1098 2226 1228 2256 annot.
1248 2221 1282 2257 8.
