2018 3510
328 251 397 286 260
823 251 1098 286 MONUMENTA
1124 251 1379 284 XAVERIANA

276 357 302 395 a
339 359 459 396 estas
482 359 632 408 partes
661 351 889 407 quisiesen
918 352 1044 395 venir
1067 352 1126 393 ad
1149 350 1448 393 laborandum
1481 350 1530 391 in
1558 350 1819 406 amplisima
1847 353 1897 393 vi
1903 377 1912 384 -

277 444 362 471 nea
384 429 591 472 Domini.
618 430 699 471 Asi
729 443 874 481 cesso,
906 429 1109 484 rogando
1132 432 1157 470 a
1184 427 1295 469 Dios
1324 433 1510 470 nuestro
1538 427 1682 470 Senor
1714 441 1802 483 que
1829 442 1914 482 por·

276 520 329 548 su
367 505 558 561 ynfinita
593 505 896 549 misericordia
934 520 1016 547 nos
1052 511 1194 560 yunte
1233 518 1289 547 en
1321 518 1376 546 su
1407 510 1536 546 santa
1561 503 1581 530 ‘¹
1604 503 1764 559 gloria,
1794 519 1911 560 pues

275 597 383 637 para
409 583 495 625 ella
523 583 652 625 fimos
683 582 873 634 eriados,
906 598 935 637 y
962 586 1041 624 aea
1070 596 1127 624 en
1164 587 1260 624 esta
1296 579 1402 623 vida
1438 595 1521 623 nos
1558 580 1809 624 aereciente
1840 582 1909 624 las

274 660 465 714 fueroas,
491 674 598 715 para
620 674 706 714 que
729 675 786 703 en
809 660 914 701 todo
935 674 964 714 y
987 673 1068 713 por
1089 657 1196 699 todo
1212 657 1255 699 lo
1277 656 1495 699 sirvamos
1517 671 1648 700 como
1665 658 1707 700 61
1724 659 1906 709 manda,

273 750 303 790 y
325 750 379 778 su
402 742 531 778 santa
552 735 772 778 voluntad
796 751 852 778 en
875 742 971 777 esta
995 733 1097 776 vida
1119 734 1412 789 eumplamos.

362 814 433 856 De
455 813 556 856 Goa
577 817 602 855 a
625 814 713 855 XX
735 813 769 833 ²⁵
794 813 849 854 de
872 811 1138 862 Setiembre,
1164 817 1251 853 ano
1273 810 1330 852 de
1359 820 1467 864 1542
1493 811 1544 852 ⁵²⁶.

637 890 788 931 Vester
812 889 989 930 inutilis
1003 890 1166 945 frater
1189 888 1239 929 in
1266 888 1426 939 Cristo,

1204 966 1240 1007 F
1243 978 1506 1008 RANCiscus
1539 978 1601 1008 DE
1633 966 1839 1007 XABIER'.

363 1044 419 1086 In
441 1046 568 1086 sexta
583 1044 765 1099 pagina
787 1043 837 1084 in
860 1043 1001 1084 altero
1023 1043 1236 1098 exemplo.
1260 1042 1348 1085 Del
1371 1043 1423 1084 P.
1457 1043 1518 1085 M.
1546 1043 1580 1084 F
1585 1041 1788 1097 rancisco
1809 1043 1906 1084 Xa-

273 1120 370 1165 uier
392 1125 418 1164 a
441 1133 496 1163 20
518 1121 574 1164 de
598 1120 711 1174 7bre,
744 1131 869 1174 1542:
896 1121 952 1163 de
982 1121 1083 1163 Goa
1111 1134 1168 1163 en
1196 1120 1238 1162 la
1266 1119 1406 1162 India:
1440 1120 1521 1162 Ra
1553 1119 1633 1161 lra.
1665 1123 1691 1161 a
1719 1119 1786 1161 los
1815 1119 1905 1161 Pa-

273 1199 376 1242 dres
398 1198 454 1242 de
477 1199 633 1240 Roma.

1054 1368 1123 1407 ¹3

559 1471 615 1512 Ρ.
652 1470 914 1512 IGNATIO
948 1471 1030 1512 DE
1062 1469 1344 1521 LOYOLA,
1381 1469 1612 1512 ROMAM

723 1564 825 1607 Goa
859 1576 915 1606 20
947 1563 1227 1619 Septembris
1265 1573 1374 1618 1542
1412 1564 1440 1605 ¹.

271 1657 405 1693 Goani
422 1659 582 1705 collegii
600 1659 815 1699 institutio,
842 1659 994 1699 laudes,
1020 1659 1282 1699 incrementa,
1309 1669 1506 1692 nomen.—-
1521 1658 1757 1704 Proregem,
1778 1658 1906 1693 Socie-

336 1717 431 1751 tatis
449 1717 792 1762 amantissimum,
812 1717 955 1751 laudat
969 1716 1228 1763 precibusque
1245 1717 1443 1750 sociorum
1470 1717 1745 1751 commendari
1765 1719 1903 1762 postu.-

339 1776 748 1822 Zat.—Indulgentias
766 1776 947 1821 aliasque
962 1776 1126 1823 gratias
1144 1788 1168 1810 a
1192 1787 1347 1810 summo
1374 1775 1570 1822 Pontifice
1597 1776 1754 1810 Prorex
1779 1776 1903 1822 impe-

336 1836 444 1870 trari
467 1834 864 1870 desiderat.—Novos
887 1835 1094 1881 operarios
1116 1837 1312 1881 spectatae
1330 1835 1547 1881 probitatis
1570 1837 1607 1869 et
1623 1835 1829 1870 doctrinae
1847 1836 1900 1870 ad

335 1894 497 1928 Indiam
517 1894 626 1929 mitti
645 1894 1118 1941 petit.—-Indulgentias‚
1138 1894 1328 1928 lusitanis
1342 1893 1581 1940 cumprimis
1601 1893 1757 1935 charas,
1772 1896 1809 1928 et
1822 1894 1900 1940 epi-

335 1953 457 1988 stolas
475 1954 529 1988 ad
548 1954 769 2000 Proregem
794 1954 923 1987 denuo
937 1953 1078 2000 poscit.

360 2042 527 2086 Gratia
549 2046 588 2084 et
604 2047 702 2098 pax
724 2042 916 2084 Domini
938 2043 1084 2084 nostri
1099 2041 1211 2099 Jesu
1247 2041 1421 2084 Christi
1452 2043 1512 2084 sit
1543 2046 1718 2097 semper
1749 2041 1900 2083 nobis-

264 2132 380 2160 cum.
408 2119 571 2161 Amen.

361 2207 398 2237 1.
465 2196 534 2237 En
556 2201 653 2238 esta
676 2195 838 2238 eibdad
860 2194 905 2237 di
927 2195 1031 2238 Goa
1047 2194 1195 2237 movio
1213 2194 1324 2237 Dios
1341 2201 1527 2237 nuestro
1545 2195 1691 2238 Sefior
1708 2195 1903 2251 algunas

265 2285 481 2326 personas
503 2286 610 2326 pera
632 2286 720 2327 que
742 2273 784 2315 16
805 2271 1059 2315 seruiessen
1082 2287 1140 2317 en
1161 2272 1282 2315 fazer
1303 2286 1365 2313 vn
1387 2271 1595 2327 collegio,
1621 2272 1662 2314 61
1690 2271 1794 2327 qual
1822 2285 1902 2314 era

334 2364 354 2391 d
375 2375 424 2399 en
443 2369 592 2410 saneta,
618 2366 690 2400 alt.

331 2460 363 2480 2⁵
415 2458 530 2505 Apud
548 2459 713 2495 Cutillas
731 2459 794 2495 die
816 2459 872 2506 18,
891 2459 984 2507 quin
1001 2459 1116 2506 hujus
1135 2459 1362 2494 variationis
1379 2459 1570 2494 rationem
1593 2458 1758 2494 reddat„

330 2519 363 2539 ²⁶
413 2519 525 2564 Quae
544 2524 759 2565 sequuntur
777 2519 919 2554 desunt
937 2519 977 2554 in
995 2520 1118 2554 altero
1136 2520 1328 2565 exemplo.

349 2576 359 2596 ¹
411 2577 470 2611 Ex
489 2578 724 2624 apographo,
740 2578 842 2624 quod
856 2577 982 2613 tribus
997 2577 1100 2613 soli-is
1115 2583 1283 2624 constat,
1303 2578 1343 2613 in
1360 2579 1443 2616 cod.
1465 2579 1580 2613 Rom.
1597 2579 1766 2624 apogr„
1781 2587 1820 2610 n.
1837 2574 1898 2610 20'.
1926 2567 1928 2570 ’

260 2634 410 2670 —Vide
427 2636 659 2680 TURSELL.,
680 2637 747 2671 l'ib.
775 2637 806 2682 Ι,
833 2648 898 2683 ep.
931 2646 965 2671 2:
991 2636 1179 2682 Cui-1111„
1206 2648 1307 2671 anno
1340 2636 1445 2682 1543,
1477 2648 1538 2683 ep.
1572 2644 1592 2670 2
1623 2635 1682 2679 (18
1713 2632 1900 2680 Octobris
1947 2627 1953 2676 ζ’

263 2693 383 2739 1543):
405 2695 600 2741 MENCH.‚
620 2695 687 2730 lib.
709 2696 740 2741 Ι,
760 2707 821 2742 ep.
846 2704 905 2730 12.
930 2697 990 2730 De
1004 2706 1118 2739 anne,
1134 2707 1210 2742 quo
1224 2695 1314 2730 data
1327 2695 1401 2730 fuit
1414 2696 1511 2730 haec
1525 2694 1706 2741 epistola,
1721 2693 1808 2728 fuse
1821 2692 1899 2727 dis-
1945 2699 1950 2747 s

259 2758 371 2799 putat
396 2753 640 2789 MENCHACA
664 2754 704 2788 in
724 2755 969 2801 Pmlegom„
995 2754 1275 2801 contenditque
1295 2766 1381 2790 eam
1399 2755 1448 2789 ad
1465 2765 1608 2789 annum
1632 2752 1722 2797 1543
1737 2763 1824 2787 esse
1837 2762 1895 2786 re-
1918 2776 1921 2781 η
1942 2756 1947 2786 ἑ

261 2811 476 2855 ferendam,
497 2824 635 2859 «quem
653 2818 870 2859 sequuntur
887 2813 931 2848 P.
951 2813 1160 2858 Coleridge
1179 2814 1241 2856 (T.
1262 2815 1293 2860 Ι,
1313 2826 1350 2860 p.
1370 2823 1451 2858 114,
1468 2815 1528 2857 50)
1543 2818 1582 2848 et
1596 2812 1639 2847 P.
1655 2811 1731 2846 Ed.
1752 2811 1800 2846 de
1814 2811 1899 2845 Vos¹
1929 2812 1932 2815 '

261 2871 408 2916 (Leben
434 2872 516 2906 und
539 2871 681 2918 Briefe
700 2873 766 2906 des
783 2873 820 2907 h.
843 2873 911 2906 Fr.
931 2872 1036 2907 Xav.
1062 2873 1339 2919 Regensburg,
1368 2873 1472 2918 1877,
1496 2883 1561 2918 pp.
1587 2880 1648 2916 94,
1683 2878 1764 2916 100,
1799 2870 1895 2914 107);

261 2929 331 2965 sed
349 2935 503 2976 praeter
520 2942 634 2976 quam
653 2930 756 2977 quod
775 2932 953 2977 exempla
971 2936 1102 2966 nostra
1127 2943 1271 2966 annum
1294 2941 1341 2976 42
1364 2931 1538 2966 indicant
1568 2935 1607 2965 et
1636 2929 1828 2964 Polancus
1852 2926 1892 2961 in

258 3000 329 3024 suo
359 2988 542 3024 chronico
547 3015 618 3024 .....
649 2990 718 3024 has
749 2989 934 3035 epistolas
964 2989 1046 3025 fere
1071 2989 1259 3025 exscribit
1281 2990 1330 3025 ad
1353 2991 1457 3025 hune
1474 3000 1632 3034 annum,
1651 2984 1893 3033 argumentis

257 3059 393 3094 parum
410 3047 531 3083 firmis
549 3047 685 3083 nititur
705 3049 929 3084 Menchaea:
950 3049 1077 3096 potuit
1095 3049 1198 3084 enim
1217 3049 1363 3085 mensis
1381 3048 1497 3084 unius
1512 3046 1637 3094 spatio
1652 3046 1691 3082 id
1704 3041 1894 3093 praestari

1999 2954 2015 2982 fv?
2001 2890 2018 2923 1³».
2002 2826 2013 2861 (ῃ
2003 2778 2018 2804 .-·.ῖ
2004 2719 2018 2744 ,κε

1936 3002 1943 3055 ᾗ
1999 3014 2018 3042 *wir

1999 3074 2018 3099 za·
