2049 3360
590 510 850 545 ADDENDA
878 510 943 545 ET
970 509 1315 547 CORRIGENDA

133 932 241 979 Pag.
262 940 317 978 v1,
342 933 418 969 lin.
448 943 490 979 4,
514 933 586 968 lib.
613 942 670 979 14,
694 934 779 982 lege
803 935 875 971 lib.
909 943 971 970 10.
995 935 1111 981 Quod
1134 935 1252 971 etiam
1273 935 1546 982 corrigendum
1571 941 1632 972 est
1653 936 1763 983 «ap'ud

206 990 470 1036 Menchacam,
490 991 592 1027 unde
610 991 858 1039 desumptum
878 997 951 1028 est.

135 1049 241 1096 Pag.
260 1058 315 1096 vr,
330 1050 408 1086 lin.
431 1060 491 1092 10,
511 1062 551 1086 n.
572 1058 658 1095 147.
672 1052 758 1099 lege
776 1064 817 1087 n.
843 1061 924 1097 154.
942 1051 1105 1098 Corrige
1123 1052 1240 1088 etiam
1258 1053 1360 1089 hunc
1383 1054 1510 1089 locum
1534 1053 1637 1100 apud
1652 1049 1761 1088 Menn-

204 1108 373 1145 chacam.

132 1167 242 1214 Pag.
267 1176 337 1214 vn,
356 1168 432 1204 lin.
458 1177 494 1210 2,
514 1169 780 1214 vomentibus,
800 1170 886 1217 lege
904 1170 1126 1205 volventes.

132 1226 242 1274 Pag.
265 1235 379 1273 xxm,
399 1227 471 1263 lin.
491 1227 552 1271 28,
570 1227 674 1273 1564,
693 1228 780 1276 lege
801 1236 903 1273 1574.
923 1229 1032 1263 Haec
1048 1228 1237 1264 correctio
1251 1227 1427 1264 facienda
1440 1229 1558 1265 etiam
1572 1234 1633 1264 est
1650 1229 1690 1264 in
1708 1229 1762 1265 2.¹

202 1286 295 1321 edit.
311 1286 452 1333 operis,
472 1286 574 1322 unde
592 1292 724 1322 textus
742 1288 961 1334 exscriptus
979 1293 1056 1323 est.

129 1345 239 1394 Pag.
263 1354 404 1391 xxvln,
424 1347 498 1382 lin.
518 1347 606 1390 ult„
627 1346 876 1393 crasimibus,
895 1348 980 1394 lege
998 1347 1264 1383 crassioribus.

129 1405 237 1452 Pag.
256 1405 292 1447 8,
324 1405 565 1441 annotationi
586 1415 600 1441 1
622 1406 812 1442 addantur
830 1407 1047 1454 sequentia:
1071 1407 1221 1442 «Prima
1235 1407 1448 1454 expeditio,
1471 1407 1583 1454 jussu
1601 1407 1760 1443 infantis

198 1465 373 1510 Henrici,
393 1465 556 1511 Joannis
584 1465 602 1500 I
630 1465 714 1511 fili-i,
735 1466 866 1512 missa,
890 1477 991 1501 anno
1026 1474 1115 1510 1510
1145 1466 1277 1512 solvit,
1309 1471 1349 1502 et
1377 1466 1426 1501 ad
1455 1467 1759 1513 promontorium

199 1523 379 1570 Bojador
397 1524 590 1571 pervenit,
608 1525 712 1572 quod
730 1525 778 1560 ad
796 1525 890 1561 illud
909 1537 1030 1572 usque
1050 1530 1202 1572 tempus
1226 1525 1337 1561 limes
1355 1525 1527 1561 omnium
1551 1525 1758 1561 maritima-

199 1595 284 1618 rum
302 1583 595 1631 expeditionum
619 1583 762 1620 fuerat.
794 1585 929 1620 Altera
955 1584 1167 1631 expeditio,
1191 1596 1293 1620 anno
1314 1593 1404 1630 1520
1422 1584 1610 1632 profecta,
1631 1585 1758 1632 *prima

199 1642 372 1679 omnium
390 1643 693 1690 promontorium
714 1643 892 1690 Bojador
916 1649 1220 1691 praetergressa,
1239 1656 1361 1691 usque
1381 1644 1430 1680 ad
1450 1643 1596 1680 insulas
1620 1645 1757 1680 Fortu-

200 1707 309 1738 natas
327 1702 543 1747 (Canarias)
560 1708 600 1739 et
617 1702 810 1739 Guineam
825 1703 1016 1750 pervenit.
1037 1702 1136 1738 Vide
1155 1703 1242 1738 SAN
1256 1704 1423 1747 ROMAN,
1442 1703 1628 1739 Historia
1637 1715 1757 1751 gene-

198 1762 266 1797 ral
282 1763 329 1797 de
347 1762 389 1797 la
406 1762 529 1797 India
551 1762 753 1808 Oriental,
773 1762 841 1798 lib.
862 1763 893 1808 Ι,
912 1774 997 1809 cap.
1017 1763 1092 1798 III.

126 1823 233 1870 Pag.
249 1821 312 1863 66,
329 1822 402 1857 lin.
422 1831 487 1866 29,
503 1821 553 1858 de
564 1821 695 1866 -SoIor,
715 1834 918 1869 perperam
936 1823 1125 1858 iterantur
1138 1824 1234 1858 haec
1251 1823 1328 1858 duo
1346 1824 1484 1859 verba.

125 1881 232 1929 Pag.
251 1881 341 1925 146,
362 1882 435 1916 lin.
458 1891 559 1926 31,...
575 1889 649 1926 «17
667 1881 717 1917 de
737 1882 885 1917 Abri1».
906 1881 1069 1928 Corrige
1083 1883 1186 1918 hunc
1205 1883 1331 1918 locum
1345 1882 1560 1918 secundum
1579 1894 1638 1928 ea,
1657 1894 1757 1930 quae

195 1939 360 1976 dicimus
375 1940 414 1976 in
432 1946 567 1977 annot.
596 1942 648 1976 1.²
665 1941 855 1988 epistolae
877 1950 957 1986 114.

124 2000 230 2047 Pag.
245 2000 334 2045 196,
356 2001 431 2037 lin.
450 2002 512 2042 26,
528 2001 727 2047 «llegaron
745 2002 781 2036 la
799 2013 958 2036 semana
976 2007 1110 2037 sancta
1134 2001 1183 2036 de
1207 2002 1244 2036 la
1260 2012 1465 2048 quaresma
1490 2000 1538 2036 de
1558 2008 1641 2045 54.»
1665 1999 1760 2036 Cor-

194 2070 267 2105 pus
284 2058 331 2094 S.
355 2059 567 2106 Francisci,
592 2065 636 2095 ut
655 2061 824 2096 habetur
847 2060 948 2107 apud
971 2060 1302 2107 historiographos
1329 2071 1458 2096 rerum
1488 2059 1578 2096 Soc.
1606 2060 1701 2105 Jesu
1719 2059 1759 2095 in

195 2117 317 2162 India,
339 2123 380 2153 et
408 2117 448 2153 in
473 2119 648 2166 epistolis
676 2131 726 2154 ex
755 2119 864 2155 India
883 2119 1013 2155 missis
1037 2124 1154 2166 atque
1183 2121 1255 2155 hac
1280 2119 1329 2155 de
1353 2131 1395 2155 re
1414 2118 1757 2166 pertractantibuS,

195 2177 320 2214 Goam
338 2177 518 2224 pervenit
532 2177 627 2214 feria
645 2184 758 2214 sexta
776 2178 937 2226 Septem
951 2180 1139 2214 Dolorum
1153 2180 1197 2214 B.
1238 2179 1286 2214 V.
1315 2179 1383 2223 Μ.,
1410 2190 1524 2226 quae,
1549 2184 1592 2214 ut
1621 2183 1757 2214 notum

134 2248 137 2249 ⁷
195 2241 270 2283 est,
301 2237 535 2273 dominicam
561 2238 780 2274 Palmarum
810 2238 1033 2274 immediate
1060 2238 1277 2285 praecedit.
1309 2237 1409 2274 Vide
1435 2238 1537 2273 inter
1554 2237 1650 2273 alios
1680 2237 1758 2273 Po-

195 2304 353 2343 LANCO,
373 2296 536 2339 Chron.‚
561 2302 594 2333 t.
631 2298 700 2342 IV,
732 2309 820 2345 pag.
845 2298 929 2343 647,
962 2310 1004 2334 n.
1032 2296 1134 2342 1385:
1153 2298 1225 2332 «Et
1254 2297 1317 2333 die
1347 2297 1518 2343 veneris,
1552 2297 1594 2332 16
1612 2296 1757 2343 Martii,

197 2354 322 2391 Goam
335 2356 554 2403 pervenit»,
572 2357 656 2392 scil.
676 2363 788 2392 sexta
807 2357 902 2393 feria
921 2358 1107 2392 Dolorum
1125 2357 1169 2391 B.
1186 2357 1239 2392 M.
1254 2357 1491 2392 V.:Frater
1509 2356 1623 2391 Aires
1636 2356 1755 2392 Bran-

197 2413 269 2449 dao
285 2414 325 2449 in
342 2414 520 2461 epistola,
540 2415 649 2452 Goae
668 2415 713 2451 23
736 2417 838 2452 Dee.
871 2425 962 2462 1554
984 2416 1085 2459 data,
1112 2416 1169 2451 sic
1195 2415 1343 2451 scribit:
1365 2427 1410 2451 «e
1433 2416 1585 2461 chegou
1609 2427 1631 2450 a
1650 2420 1756 2451 sesta

197 2473 292 2508 feira
309 2473 358 2509 de
382 2474 774 2521 Ramos.»=sou2A,
804 2475 970 2512 Oriente
989 2487 1115 2521 conq.,
1144 2476 1196 2510 1.¹
1218 2480 1333 2522 part„
1360 2486 1476 2522 conq.
1506 2475 1576 2521 IV,
1599 2474 1683 2511 div.
1703 2475 1756 2518 ΙΙ,

195 2544 233 2568 n.
253 2543 289 2578 4:
317 2533 400 2568 «Ao
423 2533 635 2581 despontar
658 2534 708 2570 da
731 2536 872 2570 manha
895 2535 1078 2580 seguinte
1105 2534 1147 2569 16
1171 2534 1220 2569 de
1244 2535 1373 2580 Marco
1391 2533 1440 2569 de
1467 2541 1572 2579 1554,
1596 2546 1618 2569 e
1646 2538 1758 2570 sexta

193 2592 291 2628 feira
308 2592 358 2629 de
383 2593 600 2630 Lazaro...»

121 2652 232 2699 Pag.
252 2651 342 2694 208,
359 2652 438 2688 lin.
457 2662 518 2695 lo,
533 2652 606 2689 lib.
629 2653 683 2699 ΙΙ,
698 2654 788 2702 lege
808 2653 878 2689 lib.
901 2654 935 2690 Ι.

124 2711 230 2758 Pag.
245 2719 329 2756 227,
349 2711 448 2747 adde
466 2712 709 2749 annotationi
726 2723 762 2758 4:
783 2713 898 2748 Forte
923 2713 974 2748 sit
993 2713 1163 2748 Thomas
1188 2712 1430 2756 Cavalcanti,
1461 2711 1510 2747 de
1534 2723 1611 2759 quo
1631 2722 1761 2747 sermo

192 2775 253 2805 est
270 2770 311 2805 in
324 2770 531 2817 Epistolae
545 2771 709 2816 Mixtae,
726 2778 760 2808 t.
780 2772 831 2816 11,
847 2783 936 2819 pag.
952 2781 1036 2817 424:
1052 2771 1194 2807 dicitur
1207 2771 1312 2807 enim
1326 2771 1395 2815 ibi,
1410 2771 1450 2807 in
1464 2771 1629 2818 epistola
1642 2771 1759 2817 Ulys-

194 2829 330 2875 sipone
349 2838 369 2874 5
389 2829 560 2876 Augusti
572 2831 663 2866 anni
684 2839 775 2876 1550
793 2830 895 2866 data:
918 2831 977 2865 «A
995 2830 1120 2866 Lucas
1134 2829 1285 2866 Giraldi
1302 2841 1327 2877 y
1342 2829 1482 2866 Nicolo
1495 2841 1542 2865 su
1551 2830 1756 2874 hermano,

193 2888 476 2935 respondentes
493 2888 542 2925 de
559 2889 703 2927 Tomas
720 2890 1018 2928 Caua-leanti...»
