2049 3360
570 133 705 169 Emsr.
738 134 919 169 121.—16
944 135 1053 180 υῐυωι
1081 143 1168 180 1552
1560 135 1628 181 763

65 239 148 286 est,
174 233 246 277 ille
268 240 419 289 aperte
456 248 545 276 non
578 233 786 289 prodidit3
819 235 1102 279 subdivinavi
1135 250 1222 293 ego
1251 235 1467 289 nonnihil,
1506 251 1560 279 ex
1591 251 1674 279 usu

64 324 212 355 rerum
236 309 405 354 talium:
431 317 475 355 et
497 309 795 366 suspicionem
819 312 1036 368 explicavi
1059 327 1203 358 meam
1226 313 1421 357 Domino
1437 312 1672 369 Episcopo:

64 394 113 432 ut
135 402 188 433 ea
216 386 289 431 ille
318 386 478 431 notitia
507 387 831 443 praemunitus,
863 390 1180 445 expeditiorem
1218 391 1381 434 habeat
1419 390 1675 434 facultatem

63 464 271 510 medendi
307 478 470 521 aegrae
498 464 559 506 illi
589 464 779 507 animae:
812 465 1088 522 indulgenda
1115 467 1340 520 videlicet,
1381 481 1461 522 pro
1499 481 1551 510 ea
1588 481 1676 521 qua

60 542 196 598 pollet
218 540 263 584 in
286 556 341 586 eo
361 555 528 598 genere
559 541 813 593 autoritate,
845 542 973 586 istius
1000 543 1306 599 impedimenti
1344 542 1504 600 gratia:
1538 550 1582 586 et
1611 543 1675 586 sic

5 634 14 641 ·
63 617 323 663 amoliendis
345 617 520 662 cunctis
540 618 783 661 obstaculis
807 625 896 662 tam
914 619 1153 664 necessarii
1170 620 1369 665 remedii.
1391 621 1425 663 F
1429 633 1495 672 ac,
1516 622 1675 664 amabo

64 701 123 749 te,
146 694 385 751 diligenter
406 701 540 751 atque
562 694 778 738 instanter
799 696 885 738 hoc
907 695 1139 752 negotium
1171 710 1334 753 urgeas
1367 697 1487 753 apud
1517 695 1674 740 Domi—

64 786 170 815 num
194 770 480 827 Episcopum:
507 772 710 826 adeoque
733 771 875 827 Aprili
897 771 1113 827 proximo,
1134 787 1249 828 quae
1273 779 1389 816 stata
1411 781 1478 818 est
1503 780 1674 829 tempe-

63 847 236 892 stivitas
253 847 520 892 solventium
538 848 638 891 Goa
655 848 873 891 Malacam
891 848 1092 906 navium,
1107 863 1164 892 ne
1181 849 1361 892 omittas
1378 864 1456 906 per
1472 864 1547 894 eas
1564 849 1674 893 scri-

12 929 22 936 ’
64 926 169 970 bere
189 926 245 968 ad
267 939 434 977 meum,
458 925 515 969 de
537 939 625 980 quo
648 924 814 981 agitur,
839 924 1050 968 Amicum
1068 926 1286 970 Alvarum
1304 926 1548 980 Gentilem,
1569 926 1676 982 quid

64 1017 166 1046 cum
187 1001 382 1046 Domino
403 1002 642 1059 Episcopo,
664 1009 743 1045 aut
758 1002 851 1057 jam
876 1003 1148 1059 transegeris
1170 1003 1288 1046 circa
1309 1003 1407 1059 ejus
1424 1017 1605 1046 causam
1622 1018 1677 1047 ex

64 1079 117 1124 iis
138 1094 253 1136 quae
280 1080 337 1123 de
364 1079 440 1123 illa
465 1078 675 1133 didicisti;
706 1086 784 1122 aut
811 1079 917 1134 quid
947 1086 990 1123 te
1027 1080 1338 1124 confecturum
1375 1094 1526 1136 speres
1561 1080 1679 1123 circa

65 1156 450 1214 impedimentum,
475 1156 512 1200 si
535 1156 655 1213 quod
676 1155 836 1209 subsit,
862 1156 939 1199 ubi
967 1164 1011 1200 te
1039 1156 1133 1212 ipse
1161 1157 1216 1200 de
1244 1157 1319 1200 illo
1346 1171 1435 1200 non
1462 1165 1679 1213 gravatus

64 1217 198 1279 fuerit
225 1234 401 1278 docere.
433 1235 482 1277 In
510 1235 631 1277 hunc
659 1234 840 1276 modum
869 1247 969 1276 esse
999 1247 1112 1290 opus
1141 1233 1362 1286 existimo,
1402 1233 1467 1278 ire
1501 1234 1677 1277 obviam

65 1310 342 1355 cunctationi
367 1310 576 1364 hominis,
616 1305 793 1355 occulta
829 1311 1021 1366 quadam
1060 1324 1237 1355 remora
1273 1310 1512 1364 haerentis3
1545 1325 1677 1367 quam

66 1387 212 1432 minus
236 1389 350 1432 forte
369 1387 598 1434 verebitur
618 1387 831 1440 indicare,
862 1387 898 1430 si
920 1402 1046 1444 spem
1069 1387 1242 1440 feceris,
1274 1401 1404 1444 posse
1431 1387 1557 1431 illum
1584 1387 1680 1431 istis

36 1452 39 1454 ’
66 1465 424 1522 quibuscumque
443 1464 635 1510 vinculis
657 1453 1063 1510 viEcclesiasticae
1085 1464 1319 1522 potestatis
1340 1464 1552 1521 expediri.
1579 1466 1680 1509 Hoc

68 1536 211 1588 totum
233 1542 313 1587 tibi
334 1543 399 1587 sic
415 1543 699 1596 commendo,
724 1549 774 1586 ut
796 1541 1037 1586 instantius
1059 1549 1104 1586 et
1131 1542 1357 1587 efficacius
1384 1556 1473 1585 non
1495 1541 1675 1598 possim.

67 1621 192 1667 Deus
219 1635 304 1665 nos
333 1620 380 1665 in
406 1635 490 1666 sua
520 1620 720 1665 Paradisi
747 1618 902 1665 Gloria
928 1619 1190 1676 conjungat.
1230 1619 1357 1663 Vale.
1398 1619 1567 1663 Malaca
1603 1619 1674 1662 111.

70 1697 173 1749 Idus
193 1697 293 1743 Iulii
313 1698 450 1744 Anno
471 1698 725 1744 CIDIDLII.

155 1776 300 1821 Totus
319 1774 367 1821 in
386 1774 568 1822 Christo
589 1781 707 1820 tuus.

922 1853 1208 1896 Franciscus.

823 2071 928 2114 121

458 2175 732 2221 GASPARI
764 2174 1075 2227 BARZAEO,
1109 2172 1298 2218 GOAM

595 2282 767 2328 Malaca
793 2280 972 2340 16Ju1ii
998 2290 1107 2336 1552
1133 2280 1162 2323 ¹.

75 2390 269 2441 Magnam
282 2390 476 2439 pecuniae
493 2400 708 2430 summam,
729 2399 828 2436 quae
847 2388 968 2424 Petro
985 2387 1039 2422 da
1059 2386 1172 2423 Silva
1189 2384 1364 2426 debetur,
1384 2384 1462 2433 ipsi
1484 2383 1687 2431 quampri-

741 2458 852 2482 mum
869 2447 1014 2483 solvat.

164 2554 204 2596 A
229 2567 366 2610 graca
393 2565 418 2595 e
447 2565 570 2594 amor
599 2551 655 2593 de
687 2548 868 2594 Christo
899 2562 1033 2592 nosso
1065 2548 1240 2592 Senhor
1276 2546 1368 2604 seja
1405 2559 1579 2603 sempre
1616 2558 1685 2587 em

79 2642 210 2673 nossa
230 2629 364 2685 ajuda
384 2643 409 2673 e
433 2629 572 2673 favor.
601 2628 764 2672 Amen.

73 2766 76 2770 ’
133 2760 162 2792 '¹'
181 2764 183 2767 “
209 2767 268 2807 Ex
302 2772 384 2807 cod.
405 2769 524 2812 Mac„
546 2769 626 2804 τοι.
661 2766 872 2813 67.-Vide
905 2767 1087 2811 Possm„
1117 2766 1185 2801 lib.
1217 2765 1305 2810 vn,
1339 2776 1401 2811 ep.
1436 2763 1471 2799 3:
1503 2764 1689 2809 Manen,

26 2825 29 2829 ’
83 2827 147 2865 lib.
162 2829 232 2875 IV,
247 2841 309 2877 ep.
329 2839 387 2875 29:
407 2829 564 2874 SOUZA‚
587 2827 752 2864 Oriente
769 2838 894 2873 conq„
916 2827 966 2863 1.¹
983 2830 1100 2873 part„
1115 2835 1228 2872 eumq.
1248 2824 1318 2869 IV,
1332 2823 1418 2860 div.
1439 2824 1470 2868 I,
1485 2835 1525 2859 n.
1538 2830 1596 2868 75.
1614 2823 1691 2858 Au-

1 2894 5 2898 ·
83 2886 233 2924 diantur
247 2890 380 2933 verba,
399 2900 498 2936 quae
513 2888 610 2923 hane
625 2886 827 2933 epistolam
842 2885 881 2922 in
895 2884 1032 2922 ultimo
1044 2896 1161 2931 opere
1174 2883 1296 2919 citato
1306 2883 1554 2930 praecedunt:
1575 2882 1693 2916 «Para

83 2957 156 2996 que
174 2959 195 2984 a
213 2947 360 2985 illustre
391 2946 535 2984 familia
559 2946 628 2982 dos
653 2945 806 2983 Condes
834 2944 1067 2981 Almirantes
1091 2942 1208 2980 tenha
1231 2943 1377 2980 melhor
1400 2942 1595 2989 exemplar
1616 2952 1689 2988 que
