2049 3360
566 110 697 145 EP1s’r.
734 117 904 153 112.-9
932 108 1097 144 APRILIS
1128 117 1216 153 1552
1582 109 1650 156 739

79 225 229 254 carere
251 225 340 254 non
363 217 524 268 potest,
550 210 768 266 siquidem
793 211 847 252 ad
866 209 1058 253 instituti
1080 210 1222 254 nostri
1244 212 1385 267 leges,
1411 218 1455 254 et
1478 213 1698 255 constitu-

80 288 222 332 tiones
245 288 567 331 conformanda
589 295 672 332 est.
698 288 794 331 Nec
816 301 924 330 vero
952 301 1136 331 necesse
1166 295 1234 332 est
1257 302 1359 332 eum
1382 303 1482 331 esse
1514 289 1698 333 concio-

9 378 12 422 ζ
80 372 296 409 natorem:
323 365 500 408 tametsi
522 364 817 408 concionandi
842 365 1052 408 facultate
1076 372 1240 419 careat,
1267 365 1368 408 usui
1392 372 1542 411 tamen
1570 366 1700 410 nobis

81 442 180 494 erit,
205 450 248 487 et
271 443 590 486 emolumento.

166 534 207 577 9.
274 520 368 563 Oro
390 526 434 562 te
456 526 589 576 atque
611 518 796 562 obsecro
827 534 905 575 per
926 521 1097 577 Jesum,
1130 527 1179 562 ut
1209 521 1400 576 aliquem
1431 521 1511 563 abs
1534 528 1577 564 te
1599 521 1696 577 ipso

77 597 299 640 delectum
336 597 471 653 hujus
508 596 703 654 Collegii
739 598 975 641 Rectorem
1020 598 1281 642 constituas:
1314 605 1365 640 ut
1386 598 1504 642 enim
1541 599 1578 641 is
1606 613 1696 641 non

76 675 274 718 abundet
306 674 610 718 doctrinarum
650 673 853 727 scientia,
880 682 1028 719 tamen
1066 675 1267 731 quisquis
1304 675 1387 718 erit
1425 682 1503 719 tuo
1525 675 1696 732 judicio

8 748 11 764 ¹
74 752 289 805 delectus,
314 753 514 808 profecto
538 751 637 795 talis
660 751 758 804 erit,
785 752 961 807 qualem
980 754 1091 797 haec
1114 754 1273 796 domus
1297 752 1499 809 requirit.
1533 755 1691 797 Patres

74 828 237 885 quippe
259 844 311 873 ac
334 830 508 882 fratres,
535 828 610 885 qui
632 829 756 873 hisce
779 829 825 872 in
846 829 956 873 locis
978 837 1232 885 versantur,
1252 830 1502 874 mirandum
1526 830 1571 873 in
1594 845 1690 873 mo-

5 891 10 918 ³³
73 906 178 949 dum
201 913 418 963 expetunt
438 908 494 950 ab
517 907 628 951 urbe
650 908 974 951 moderatorem
996 907 1230 963 ejusmodi,
1263 907 1339 964 qui
1368 914 1516 952 tecum
1539 907 1615 951 diu
1639 922 1689 951 ac

8 1035 12 1039 Ι
73 983 262 1027 multum
285 984 431 1028 fuerit.
460 985 500 1027 Is
522 983 559 1027 si
581 984 908 1027 anniversarias
931 991 1144 1028 octonum
1167 984 1339 1028 dierum
1358 985 1683 1042 Indulgentias,

5 1064 9 1071 ’
74 1060 236 1117 quibus
257 1062 450 1118 populus
472 1061 606 1106 certis
627 1061 787 1106 diebus
825 1061 950 1105 festis
987 1062 1042 1104 ad
1080 1062 1403 1114 Confessionis,
1444 1069 1489 1106 et
1512 1064 1690 1105 Eucha-

7 1183 9 1185 ,
74 1137 223 1182 ristiae
249 1145 528 1182 sacramenta
554 1138 785 1191 invitetur,
818 1138 948 1182 istinc
977 1153 1129 1182 secum
1158 1139 1371 1191 attulerit,
1406 1154 1498 1184 rem
1522 1140 1688 1196 populo

72 1223 327 1273 pergratam
351 1216 522 1268 fecerit,
548 1215 791 1272 divinoque
812 1216 954 1259 cultui
976 1201 1369 1273 peropportunam.

6 1351 9 1354 .
164 1306 228 1337 10.
295 1292 382 1337 Vix
404 1293 491 1336 dici
513 1300 676 1350 potest,
701 1293 956 1351 Jubilaeum
985 1294 1065 1336 abs
1089 1300 1132 1336 te
1161 1294 1345 1336 missum
1375 1308 1507 1350 quam
1536 1293 1688 1337 multis

8 1374 11 1414 f
49 1405 51 1408 ⁴
71 1370 202 1415 saluti
226 1370 361 1414 fuerit
383 1371 414 1413 ³.
441 1370 671 1426 Ejusmodi
694 1377 843 1414 autem
867 1370 1171 1427 indulgentias
1196 1370 1431 1414 Pontificio
1449 1370 1688 1428 diplomate

7 1454 11 1503 ἶ
69 1449 426 1504 comprehensas,
467 1448 708 1491 autoritate
745 1447 1027 1504 obsignatas,
1067 1462 1170 1490 cum
1207 1446 1348 1504 signis
1385 1447 1686 1504 pendentibus

9 1515 11 1520 ¹
68 1524 181 1568 mitti
203 1525 259 1568 ad
280 1540 362 1568 nos
384 1525 530 1569 velim.
559 1527 719 1581 Neque
742 1524 861 1570 enim
882 1524 955 1568 hic
977 1525 1157 1579 desunt,
1183 1524 1259 1581 qui
1280 1524 1538 1580 hujusmodi
1562 1527 1685 1568 Pon-

9 1591 11 1594 Α
69 1601 199 1646 tificis
219 1602 438 1647 beneficia
464 1602 501 1646 si
525 1602 633 1658 quid
660 1605 824 1646 horum
846 1602 977 1656 desit,
1007 1602 1054 1645 in
1075 1601 1463 1659 dubium‘fvocent3
1491 1617 1610 1656 nam,
1638 1609 1682 1647 et

63 1679 333 1737 Jubilaeum,
357 1680 478 1736 quod
499 1679 673 1733 misisti,
714 1679 975 1723 calumniari
1007 1679 1155 1722 conati
1182 1685 1288 1722 sunt
1313 1678 1493 1735 quidam
1510 1694 1683 1736 negan-

8 1797 10 1799 ,
69 1761 136 1800 tes
158 1763 369 1800 testatum
393 1771 507 1810 esse,
532 1764 577 1801 et
595 1756 830 1800 Pontificia
847 1756 1086 1800 autoritate
1107 1756 1348 1809 firmatum,
1370 1756 1490 1811 quod
1508 1755 1684 1800 usitatis

65 1833 206 1891 signis
226 1840 414 1879 careret:
440 1840 637 1879 attamen
660 1835 758 1878 Deo
782 1834 1073 1890 approbante,
1097 1832 1205 1886 vim,
1226 1840 1271 1877 et
1293 1832 1578 1877 autoritatem
1601 1834 1683 1877 ob—

7 1933 11 1939 ‹
68 1909 199 1954 tinuit
220 1925 363 1955 suam.

156 2000 172 2032 1
185 2001 220 2032 1.
286 1989 323 2031 E
345 2003 393 2033 re
415 1987 567 2033 divina
589 1995 674 2043 est,
700 1988 968 2033 Sacerdotes
989 2001 1013 2030 e
1032 1987 1259 2032 Societate
1274 1989 1364 2031 huc
1380 1994 1596 2032 venturos
1613 1989 1683 2032 di-

10 2043 13 2098 i
64 2064 254 2123 ligenter
274 2065 398 2123 prius
419 2065 617 2123 probari:
642 2064 855 2122 spectatis
877 2064 995 2108 enim
1019 2064 1339 2109 Sacerdotibus
1368 2065 1440 2108 hic
1462 2080 1576 2122 opus
1598 2073 1681 2111 est.

68 2144 244 2187 Patrem
267 2143 514 2196 Simonem,
540 2150 584 2188 et
606 2142 643 2187 si
667 2143 781 2185 forte
798 2141 835 2186 is
858 2141 991 2195 absit,
1019 2143 1257 2186 Rectorem
1279 2141 1472 2199 Collegii
1500 2142 1684 2186 Conim-

9 2205 13 2270 ᾗ
66 2218 281 2264 bricensis
303 2235 382 2277 per
402 2220 554 2265 literas
582 2218 921 2272 commonefeci,
949 2232 1007 2261 ne
1031 2220 1203 2271 Patres,
1229 2218 1305 2274 qui
1336 2218 1446 2262 nulli
1476 2218 1521 2262 in
1550 2219 1683 2264 Lusi-

135 2392 149 2412 5
198 2392 257 2427 De
283 2393 355 2428 hoc
379 2398 514 2428 sancto
540 2392 727 2439 jubilaeo,
754 2403 775 2427 a
806 2391 925 2426 Paulo
950 2391 1006 2426 ΙΙΙ
1035 2401 1241 2437 concesso,
1266 2402 1337 2427 seu
1359 2391 1488 2439 potius
1512 2392 1682 2439 publica-

64 2453 118 2497 to,
135 2455 174 2486 et
197 2452 246 2487 ab
265 2451 348 2497 ejus
374 2462 598 2487 successore
629 2451 733 2498 Julio
757 2451 814 2486 III
839 2455 985 2498 aperto,
1010 2462 1098 2486 nam
1122 2450 1224 2497 prior
1247 2450 1428 2487 Pontifex
1458 2463 1680 2499 supremum

61 2506 161 2544 diem
179 2509 275 2545 obiit
291 2510 346 2545 IV
369 2510 455 2546 idus
484 2509 717 2546 Novembris
736 2509 826 2545 anni
848 2517 953 2555 1550,
986 2508 1075 2545 vide
1096 2507 1241 2545 cartas
1264 2511 1310 2546 de
1343 2510 1426 2546 San
1450 2510 1616 2558 Ignacio
1633 2512 1680 2546 de

65 2566 217 2614 Loyola,
236 2574 269 2605 t.
288 2570 340 2616 ΙΙ,
359 2581 452 2616 pag.
476 2568 560 2615 231,
588 2574 718 2605 annot.
743 2569 929 2613 5.-Vide
954 2569 1071 2605 etiam
1095 2567 1134 2604 in
1158 2568 1294 2604 eodem
1319 2574 1422 2605 tomo
1446 2568 1564 2617 epist.
1599 2569 1679 2614 188,

6 2619 7 2623 ¹
61 2637 146 2673 pag.
165 2627 248 2675 236,
266 2640 315 2663 ex
339 2628 612 2664 commissione
635 2628 680 2664 S.
704 2627 861 2674 Ignatii,
881 2640 902 2664 a
926 2629 973 2664 P.
997 2629 1164 2663 Polanco
1189 2627 1237 2663 ad
1254 2629 1302 2663 P.
1326 2628 1524 2664 Simonem
1545 2629 1679 2665 Rodri-

51 2695 153 2730 gues
170 2686 312 2733 datam,
328 2687 394 2722 ubi
424 2686 716 2722 concessionem
747 2686 934 2722 Societati
960 2687 1101 2723 factam
1128 2692 1294 2732 enarrat3
1321 2692 1360 2723 et
1386 2688 1425 2723 in
1453 2688 1679 2734 Appendice

4 2760 11 2788 r,
60 2743 178 2790 prima
204 2745 377 2792 ejusdem
401 2747 510 2791 tomi,
538 2759 580 2781 n.
614 2755 688 2791 22.,
714 2747 812 2781 hanc
841 2746 965 2793 ipsam
983 2744 1273 2782 concessionem
1293 2746 1485 2793 invenies,
1517 2747 1679 2794 ejusque

4 2794 33 2865 '¹
61 2805 444 2842 communicationem
462 2818 483 2841 a
501 2806 541 2842 S.
563 2806 715 2853 Ignatio
733 2805 874 2841 factam
894 2805 1081 2842 «Dilectis
1100 2806 1139 2843 in
1164 2806 1321 2844 Christo
1342 2805 1543 2842 Fratribus
1561 2806 1676 2852 Magi-

4 2864 13 2879 ’““
64 2865 141 2898 stro
159 2863 304 2900 Simoni
321 2865 554 2912 Rodriguez,
576 2865 802 2912 Praeposito
817 2864 991 2912 ejusdem
1004 2865 1212 2902 Societatis
1232 2865 1271 2902 in
1284 2865 1545 2911 Portugalliae
1559 2877 1680 2912 regno

7 2936 10 2937 ⁷
64 2925 103 2956 et
119 2924 379 2960 transmarinis
397 2924 676 2971 regionibus...
697 2929 736 2960 et
753 2924 837 2960 aliis
856 2924 1091 2971 Praepositis
1110 2924 1437 2972 particularibus..
1454 2938 1489 2960 ,υ
1716 2927 1718 2929 ’
