2018 3510
557 210 695 245 Eprsr.
715 209 873 244 62.—20
897 210 1098 255 JANUARu
1119 211 1208 255 1548
1578 226 1648 262 449

69 328 233 358 munus
261 310 504 369 appositos,
537 310 614 366 qui
641 316 815 353 rectum
844 309 1100 354 errantibus
1127 310 1284 354 salutis
1321 312 1406 356 iter
1438 316 1689 359 ostendant.

71 394 198 448 Quos
234 396 467 446 praeterea
512 401 538 430 e
590 386 818 431 Societate
849 385 1070 429 missurus
1107 401 1156 431 es
1203 395 1252 430 ut
1290 389 1523 443 Evangelii
1561 406 1696 435 causa

68 467 361 512 Ethnicorum
383 464 510 507 vicos
528 469 786 520 peragrent,
811 464 894 505 hos
913 470 1004 506 tam
1036 470 1238 519 spectata
1267 465 1488 520 probitate
1518 476 1695 523 oportet

68 560 182 597 esse,
204 550 254 586 ut
277 548 376 586 tuto
400 548 446 584 et
462 539 663 584 comitati
680 539 745 583 ire
767 538 941 595 possint
963 546 1008 582 et
1044 539 1127 582 soli
1150 554 1437 597 quocumque
1465 558 1544 585 eos
1567 544 1696 586 Chri—

69 622 212 665 stiana
230 634 300 664 res
321 624 469 670 vocet,
494 618 620 660 velut
641 615 687 658 in
710 616 956 667 Molucum,
977 615 1024 658 in
1042 616 1190 669 Sinas,
1211 616 1257 659 in
1269 618 1520 674 Japoniam.
1543 621 1625 662 Vel
1644 635 1697 663 ex

68 698 275 744 Sinarum
298 703 344 741 et
358 694 592 753 Japoniae,
619 707 864 747 earumque
894 692 1099 747 gentium
1128 694 1445 750 descriptione,
1474 710 1606 750 quam
1630 697 1698 739 his

67 776 285 818 inclusam
306 772 447 817 literis
470 772 527 815 ad
545 778 589 813 te
606 770 751 822 mitto,
780 768 910 811 facile
933 767 1177 827 intelliges,
1204 771 1458 826 cujusmodi
1484 774 1662 816 tandem
1682 775 1696 794 ‘²

69 853 163 909 ipsa
183 866 255 896 res
273 855 455 906 expetat
481 847 616 890 viros.

156 942 196 984 3.
264 925 526 971 Pontificias
555 925 882 981 Indulgentias,
920 924 1300 982 privilegiumque
1329 940 1434 969 arae
1478 926 1697 969 maximae

68 1005 207 1050 nostri
229 1003 425 1060 collegii,
466 1002 574 1046 item
611 1009 882 1058 potestatem
912 1001 1223 1045 sacerdotibus
1251 1008 1303 1044 ut
1326 1010 1522 1046 remotos
1550 1017 1697 1059 popu-

65 1085 130 1127 los
153 1082 407 1126 Chrismate
429 1079 656 1135 inungant
677 1093 758 1134 pro
787 1078 1027 1135 Episcopo,
1061 1079 1117 1122 de
1144 1077 1309 1134 quibus
1340 1080 1397 1121 ad
1427 1086 1471 1123 te
1493 1080 1697 1135 superio—

66 1160 188 1203 ribus
210 1158 339 1202 annis
357 1155 530 1212 scripsi,
554 1154 877 1200 incredibiliter
894 1163 1200 1212 expectamus.
1227 1157 1298 1200 De
1316 1156 1694 1213 Quadragesima,

68 1252 175 1281 usus
195 1250 267 1278 me
289 1233 443 1278 docuit
474 1232 585 1276 nihil
607 1233 849 1276 admodum
868 1247 1055 1277 necesse
1072 1246 1172 1277 esse
1189 1232 1431 1288 quicquam
1450 1233 1693 1276 immutari.

67 1316 182 1358 Nam
210 1311 413 1356 Lusitani
437 1312 551 1354 adeo
573 1310 684 1353 locis
705 1309 920 1365 disjuncti
938 1317 1044 1352 sunt
1062 1310 1109 1352 in
1125 1309 1267 1362 India,
1289 1317 1339 1352 ut
1357 1310 1394 1352 si
1412 1311 1696 1353 commodum

66 1397 240 1448 spectes
256 1388 504 1446 publicum,
525 1388 648 1430 nulla
665 1386 978 1431 immutatione
995 1401 1108 1442 opus
1129 1386 1202 1429 sit.
1224 1388 1384 1441 Neque
1402 1387 1520 1429 enim
1539 1389 1707 1442 hyems

65 1468 220 1513 eodem
244 1474 444 1522 tempore
466 1480 546 1521 per
582 1479 739 1508 omnes
778 1463 1097 1507 Lusitanorum
1125 1463 1333 1508 civitates
1368 1471 1504 1519 atque
1534 1463 1693 1520 oppida

63 1552 270 1602 vagatur.
298 1544 468 1598 Quare,
494 1530 648 1584 habita
670 1539 924 1583 communis
946 1539 1054 1583 boni
1072 1539 1260 1592 ratione,
1287 1541 1429 1583 satius
1446 1542 1565 1584 duco
1586 1541 1695 1584 nihil

65 1621 245 1667 decerni
290 1633 426 1676 super
467 1633 520 1663 ea
558 1632 605 1660 re
642 1616 763 1669 novi,
803 1616 887 1660 etsi
926 1616 1058 1661 video
1095 1632 1187 1660 non
1223 1618 1380 1660 deesse
1419 1618 1496 1672 qui
1538 1625 1694 1661 contra

67 1698 276 1743 sentiant.

151 1789 193 1830 4.
258 1774 472 1818 Nondum
511 1773 643 1828 plane
681 1770 895 1814 constitui
930 1778 1081 1814 utrum
1110 1786 1197 1828 ego
1227 1771 1323 1827 ipse
1355 1786 1456 1814 cum
1497 1786 1586 1814 uno
1615 1780 1694 1815 aut

0 1880 1 1884 =
64 1854 201 1897 altero
219 1867 244 1895 e
267 1851 494 1896 Societate
510 1848 748 1907 Japoniam
770 1854 871 1904 post
888 1848 1212 1904 sesquiannum
1234 1856 1400 1905 petam,
1427 1864 1483 1890 an
1507 1864 1559 1891 eo
1577 1849 1691 1890 duos

0 1946 1 1950 ¹
63 1945 88 1974 e
109 1929 335 1975 Societate
357 1926 655 1984 praemittam:
687 1940 791 1968 nam
823 1932 998 1969 certum
1015 1932 1084 1968 est
1117 1925 1225 1967 mihi
1256 1936 1333 1968 aut
1365 1926 1445 1979 ire,
1480 1933 1557 1968 aut
1581 1924 1690 1968 alios

0 2043 1 2047 ,
63 2008 252 2051 mittere.
279 2007 434 2060 Atque
458 2011 507 2046 ut
534 2017 657 2046 nunc
686 2009 770 2055 est,
802 2001 989 2044 inclinat
1011 2002 1187 2045 animus
1205 2003 1251 2044 in
1273 2002 1511 2045 consilium
1534 2001 1685 2045 eundi.

61 2087 206 2128 Deum
229 2097 325 2135 oro,
353 2089 404 2124 ut
446 2081 568 2136 quod
605 2079 751 2136 magis
784 2079 825 2124 ei
864 2079 989 2122 cordi
1022 2086 1107 2132 est,
1148 2079 1193 2122 id
1232 2079 1401 2135 liquido
1441 2078 1690 2135 perscribat

64 2161 181 2205 mihi.
209 2162 245 2203 E
268 2159 412 2202 tribus
449 2157 582 2201 sociis
626 2156 703 2212 qui
741 2157 973 2200 Molucum
1005 2155 1249 2212 petierunt,
1275 2156 1421 2198 visum
1451 2163 1519 2199 est
1549 2170 1690 2198 unum

0 2262 2 2280 ;
62 2239 226 2295 eligere
243 2237 321 2293 qui
338 2241 568 2292 praeesset
588 2233 796 2278 coeteris.
815 2235 973 2288 Itaque
984 2235 1208 2291 Joannem
1228 2232 1403 2276 Beiram
1430 2231 1595 2289 delegi,
1617 2232 1691 2274 cui

63 2315 218 2372 reliqui
239 2316 602 2369 obtemperarent
624 2327 715 2354 non
736 2325 870 2355 secus
891 2325 944 2354 ac
973 2310 1069 2353 tibi.
1104 2311 1152 2353 Id
1174 2309 1261 2353 illis
1283 2316 1546 2366 pergratum
1571 2309 1691 2352 acci—

1 2419 3 2421 ·
61 2393 139 2438 dit.
164 2394 286 2437 Idem
307 2391 353 2433 in
377 2387 692 2433 Promontorio
716 2387 975 2439 Comorino,
1002 2387 1287 2442 coeterisque
1304 2386 1416 2429 locis
1445 2386 1522 2428 ubi
1540 2387 1692 2442 plures

63 2486 87 2515 e
109 2470 335 2516 Societate
372 2472 625 2518 versantur,
662 2465 899 2508 instituere
936 2464 1104 2521 cogito.
1148 2466 1219 2507 Tu
1255 2464 1389 2507 velim
1429 2471 1506 2506 tua
1535 2462 1691 2518 tuique

0 2564 1 2580 ³
63 2547 362 2591 studiosorum
384 2543 702 2604 deprecatione
721 2542 852 2585 nobis
873 2542 919 2584 in
941 2544 1025 2585 hac
1047 2541 1254 2585 barbarie
1275 2540 1562 2585 versantibus
1585 2554 1690 2584 coe-

63 2623 217 2668 lestem
238 2624 448 2680 implores
471 2637 619 2680 opem.
646 2621 784 2677 Quod
804 2626 856 2662 ut
877 2619 1018 2662 facias
1039 2618 1302 2675 impensius,
1327 2620 1476 2662 Deum
1504 2617 1688 2660 immor-

65 2700 196 2744 talem
217 2715 297 2744 oro
321 2700 401 2743 tibi
424 2708 474 2743 ut
497 2699 709 2743 ostendat
744 2696 962 2741 divinitus
985 2703 1205 2752 quantum
1227 2710 1315 2752 ego
1339 2702 1444 2739 tuae
1480 2695 1553 2738 vel
1574 2693 1687 2750 opis,

65 2777 136 2820 vel
156 2791 318 2834 operae
336 2777 582 2834 indigeam.
610 2776 728 2819 XIII.
755 2775 984 2819 Kalendas
1005 2774 1139 2818 Febr.
1173 2772 1280 2816 anni
1309 2788 1335 2816 a
1362 2772 1544 2816 Christo
1566 2778 1687 2822 nato,

70 2854 360 2899 MDXLVIII.
388 2853 568 2898 Cocini.

136 3022 150 3041 ²
199 3020 244 3055 In
261 3025 387 3066 textu,
408 3023 558 3062 tamen,
578 3019 680 3066 quod
697 3018 737 3054 in
754 3017 841 3053 aliis
859 3016 1097 3053 editionibus
1115 3020 1330 3052 correctum
1356 3021 1428 3051 est.

214 3090 348 3119 Momm.
363 3090 455 3120 XAv.
1453 3087 1486 3114 31
