2049 3360
284 200 376 239 1030
779 203 1052 240 MONUMENTA
1079 203 1331 239 XAvERmNA

1003 343 1017 372 I
1027 342 1049 384 5
1058 341 1079 383 5
1088 341 1109 372 2

246 495 310 530 160
336 495 489 531 Eidem.
515 496 748 542 Regimento
762 507 853 542 pera
868 507 888 530 a
904 495 1090 531 humilda-

383 555 452 599 de,
478 567 552 602 que
574 567 596 591 o
627 556 674 590 B.
702 556 749 590 P.
780 556 986 590 Francis-co
1010 555 1090 590 dei-

384 625 458 649 xou
482 626 528 650 ao
562 615 607 649 P.
640 615 694 650 M.
732 614 883 662 Gaspar
912 615 1090 651 hindo-se

383 685 473 720 para
499 685 518 708 a
550 673 674 709 China
697 678 806 717 (curn
832 675 1088 711 annotationi-

381 734 452 768 bus
473 734 514 768 P.
541 734 716 778 Barzaei)
722 761 1072 770 ................
1105 735 1189 771 Goa
1195 761 1538 770 ................
1623 734 1764 780 Aprili.
1797 733 1867 779 908
1914 741 1933 778 ἢ

244 794 304 827 161
337 792 489 827 Eidem.
531 793 810 838 Lembranqas,
846 805 921 840 que
953 794 1087 830 haveis

379 852 428 887 de
442 852 546 887 fazer
565 864 625 887 ern
645 853 773 888 minha
797 854 1030 889 auzeneia...
1048 881 1055 888 .
1072 882 1078 889 .
1149 867 1166 887 »
1201 880 1553 890 ................
1685 866 1702 885 υ
1799 861 1868 898 912
1922 854 1929 860 “

245 911 307 946 162
336 911 489 947 Eidem.
526 913 696 948 Maneira
734 925 824 959 pera
865 915 1089 949 eombersar

384 982 468 1006 com
510 973 558 1007 ho
610 972 777 1016 mundo,
828 985 917 1020 pera
966 973 1090 1010 evitar

383 1031 623 1067 escamdolos
633 1058 1085 1068 ....................
1157 1048 1173 1067 ι)
1208 1059 1559 1069 ...............
1598 1040 1638 1077 15
1656 1030 1702 1075 (Ρ)
1732 1046 1747 1062 υ
1799 1039 1868 1076 924

247 1088 312 1124 163
339 1091 478 1135 Joanni
503 1090 664 1135 Soares',
692 1092 902 1128 Malaeensi
927 1093 1089 1129 vicario.

386 1152 439 1187 Ut
463 1151 648 1186 Alvarum
672 1151 720 1187 de
753 1151 893 1187 Ataide
923 1163 1091 1188 eommo-

388 1217 477 1247 neat
523 1211 570 1246 de
617 1211 894 1248 ecclesiasticis
937 1213 1092 1259 poeni5‚

335 1300 342 1317 ·.
383 1272 524 1319 quibus
545 1271 720 1317 subjacet
735 1298 1075 1308 ...............
1108 1273 1252 1308 Malaca
1259 1298 1498 1308 ...........
1538 1297 1546 1307 .
1649 1271 1742 1317 Jun.
1759 1297 1767 1306 .
1799 1270 1867 1315 928

247 1333 309 1377 164
339 1333 410 1368 Pro
441 1333 681 1369 ethnicorum
706 1332 961 1368 conversione
986 1332 1049 1367 ad-

384 1392 555 1438 precatio
561 1417 1717 1428 ..................................................
1798 1389 1868 1436 930

246 1452 310 1497 165
339 1452 400 1487 Ad
417 1452 589 1499 quinque
608 1453 769 1487 vulnera
794 1453 889 1498 Jesu
908 1451 1055 1488 Christi

250 1558 252 1560 Ι
381 1511 500 1547 oratio
511 1537 1721 1548 ...................................................
1799 1508 1867 1555 931

247 1571 312 1606 166
339 1571 494 1607 Amoris
513 1583 604 1617 erga
622 1572 746 1606 Deum
772 1571 935 1607 affectus
947 1597 1719 1607 ................................
1797 1568 1863 1615 931

247 1633 311 1676 167
341 1633 398 1667 De
440 1632 621 1677 rhythmo
667 1631 894 1678 hispanico,
938 1633 1057 1678 vulgo

384 1690 527 1726 Sancto
552 1691 720 1726 Xaverio
743 1690 930 1727 attributo
940 1715 1718 1727 .................................
1797 1687 1864 1735 934

928 1788 1191 1817 APPENmCES

248 1881 260 1907 1
292 1872 339 1907 Ρ.
365 1871 592 1907 Franciscns
611 1870 802 1906 Xaverius
822 1871 1007 1918 Fiiipucci
1032 1871 1079 1906 P.
1110 1871 1226 1906 Petro
1251 1869 1428 1916 Possim,
1459 1870 1545 1907 Goa
1575 1879 1597 1914 4
1627 1869 1728 1905 Nov.

342 1931 428 1967 1662
434 1955 1721 1966 ......................................................
1854 1937 1867 1964 1

243 2000 263 2025 2
291 1991 547 2037 Epistolarurn
567 1990 607 2026 S.
636 1990 831 2026 Francisci
855 1989 1013 2042 Xaverii
1037 1989 1131 2025 ordo
1157 1995 1334 2025 veterum
1359 1989 1574 2024 editionum
1599 1993 1639 2024 et
1665 2000 1730 2025 no·
1801 1939 1848 1975 94

335 2056 438 2086 strae
449 2071 1724 2085 .....................................................
1802 2057 1872 2094 949

238 2108 260 2144 3
285 2109 438 2156 Scripta
455 2109 496 2145 S.
519 2109 713 2145 Francisci
733 2109 891 2145 Xaverii
909 2109 1111 2156 deperdita
1120 2133 1722 2144 ..........................
1801 2107 1871 2153 958

240 2179 262 2214 4
289 2169 546 2215 Epistolarum
566 2168 604 2204 in
622 2169 693 2204 hoc
713 2168 910 2204 volumine
928 2173 1199 2204 contentarum
1220 2166 1352 2203 brevis
1372 2165 1595 2214 disquisitio
1600 2191 1722 2202 ......
1801 2165 1872 2212 964

975 2265 1143 2293 INDICES

292 2350 308 2385 1
337 2349 528 2385 Auctores
555 2354 594 2384 et
624 2347 727 2392 libri,
757 2359 920 2395 quorum
952 2346 1174 2383 testimonia
1209 2347 1247 2383 in
1278 2347 1350 2383 hoc
1380 2345 1579 2381 volumine
1604 2343 1731 2392 profe-

384 2414 533 2445 runtur.
557 2430 1722 2443 .................................................
1773 2417 1779 2422 ·
1802 2401 1873 2449 973

269 2469 305 2504 ῙῙ
330 2468 495 2504 Nomina
512 2479 660 2513 eorum,
679 2466 820 2514 quibus
838 2466 878 2502 S.
899 2466 1128 2502 Franciseus
1151 2464 1306 2513 scripsit
1315 2489 1726 2501 ..................
1803 2470 1873 2508 977

243 2527 298 2562 ΙΙΙ
327 2527 442 2573 Loca,
461 2526 563 2562 unde
581 2525 769 2573 epistolae
787 2525 928 2562 missae
953 2530 1044 2561 sunt
1053 2548 1725 2561 .............................
1802 2519 1872 2566 978

243 2587 297 2621 IV
324 2587 518 2622 Personae
536 2592 576 2622 et
594 2587 691 2630 loca,
709 2585 759 2621 de
776 2585 917 2633 quibus
934 2585 975 2621 in
993 2590 1074 2620 toto
1091 2583 1288 2620 volumine
1305 2583 1349 2620 fit
1373 2583 1518 2620 mentio
1527 2607 1726 2618 .........
1803 2579 1873 2626 978

291 2646 478 2682 Addenda
497 2651 538 2682 et
561 2645 790 2692 corrigenda
796 2667 1727 2681 ........................................
1778 2647 1874 2685 ’1017
