2018 3510
0 1123 8 1284 ,μί-,ι

574 223 712 258 EPIST.
739 223 848 266 67.—-
859 231 903 257 22
920 221 1135 259 OCTOBRJS
1158 226 1246 270 1548
1604 232 1672 277 465

92 326 219 370 todos
258 324 462 367 tomados
499 338 580 380 por
601 339 728 366 amor
750 339 775 367 e
798 324 975 379 seruico
997 326 1053 368 de
1076 326 1202 370 Deus
1225 328 1239 347 ‘·'
1264 343 1397 371 nosso
1417 331 1606 384 Senhor,
1634 348 1720 388 que

92 417 189 446 com
211 416 260 445 as
282 400 577 456 comsolacois
600 401 682 443 dos
705 415 792 455 que
815 401 946 444 161130
968 401 1073 445 vida
1095 403 1385 448 descamsada
1402 422 1482 461 por
1506 422 1553 450 se
1570 410 1720 465 logra-

93 494 184 523 rem
207 480 288 521 dos
309 478 510 533 deleytes
532 478 590 520 do
612 479 799 520 mundo.
825 480 1008 523 D'estes
1029 481 1085 522 he
1108 495 1216 536 para
1245 496 1352 525 auer
1382 486 1566 538 gramde
1596 500 1719 528 com—

93 556 265 613 1331κέος
292 571 317 599 6
338 555 423 598 (105
453 561 625 607 outros,
657 555 713 597 de
742 569 877 610 quem
906 556 999 599 San
1031 557 1191 599 Paullo
1220 557 1363 610 delia,
1397 561 1557 614 quibus
1585 577 1718 605 muzz-

93 634 176 676 dus
197 647 287 674 non
310 635 408 674 erat
428 632 603 689 dignus
625 632 657 684 ⁵,
678 633 736 675 he
758 646 865 687 para
888 646 998 676 auer
1015 634 1191 689 grande
1214 635 1377 678 enueia
1400 638 1431 678 ⁴.

179 722 219 753 2.
284 710 349 752 La
370 709 550 752 mamdo
574 724 600 752 a
623 709 845 752 Balltasar
866 711 1028 753 Nunez
1049 725 1159 766 para
1182 726 1270 767 que
1294 712 1406 756 estei
1431 716 1556 757 n'ese
1581 730 1722 771 regno

88 788 143 831 de
165 788 425 829 Trauancor
448 801 555 841 para
577 800 660 828 uos
684 786 842 841 ajudar
870 800 942 829 em
972 801 1128 830 vossos
1165 789 1410 843 trabalhOS,
1437 805 1461 832 e
1491 794 1721 835 consolar-

87 878 168 907 uos
204 863 377 915 n’eHes,
419 863 683 918 esperamdo
719 864 778 905 ho
816 862 987 918 premio
1024 865 1291 908 verdadeiro
1328 867 1385 910 de
1423 869 1549 910 Deus
1587 884 1720 912 nosso

88 942 274 985 Senhor.
299 941 368 982 Eu
390 953 462 982 me
484 946 613 995 parto
634 954 742 995 para
763 940 897 983 Guoa
919 955 1027 996 para
1050 941 1284 985 fauorecer
1312 950 1432 987 estes
1461 949 1616 999 xpaos.
1644 960 1717 987 so-

89 1018 167 1060 bre
188 1018 297 1059 hum
318 1015 526 1072 negocio,
551 1016 722 1071 o'quall
744 1030 875 1071 spero
898 1030 970 1059 em
993 1018 1118 1059 Deus
1141 1032 1230 1073 que
1253 1018 1349 1062 vira
1370 1024 1396 1062 a
1417 1021 1539 1065 lume
1570 1036 1594 1064 e
1623 1027 1721 1065 sera

93 1108 227 1137 causa
263 1108 351 1148 que
387 1092 554 1135 muitos
591 1107 640 1136 se
672 1093 799 1148 facao
830 1098 1006 1149 xpaos.:
1047 1095 1411 1139 emcomendai-o
1435 1113 1460 1140 a
1482 1099 1624 1152 Deus,
1651 1114 1723 1142 ro-

94 1171 356 1225 gamdo—lhe
378 1184 482 1226 que,
508 1168 642 1212 ainda
658 1183 746 1224 que
768 1184 931 1212 nossos
948 1171 1170 1226 peccados
1193 1172 1315 1227 sejao
1345 1174 1558 1229 grandes,
1585 1190 1609 1218 e
1638 1180 1724 1218 nao

94 1248 282 1303 sejamos
318 1247 629 1290 merecedores
661 1247 717 1289 de
739 1261 910 1290 sermos
932 1246 1257 1291 instrumentos
1289 1250 1346 1292 de
1379 1257 1518 1293 tamto
1548 1252 1724 1306 seruico

91 1338 185 1377 seu,
212 1324 367 1379 queira
391 1325 405 1345 ⁵
423 1338 504 1380 por
525 1338 609 1367 sua
630 1323 839 1367 vondade
856 1322 1047 1367 imfinita
1068 1339 1094 1368 e
1116 1339 1241 1368 amor
1263 1340 1358 1369 sem
1382 1327 1459 1369 fim
1484 1341 1532 1370 se
1555 1343 1724 1383 queyra

92 1400 232 1445 seruir
248 1401 304 1444 de
327 1404 410 1444 noS
432 1415 541 1456 para
562 1407 969 1444 acrecemtamento
991 1401 1047 1444 (16
1064 1416 1147 1445 5113
1169 1409 1326 1445 sancta
1350 1404 1434 1447 see.
1457 1404 1531 1446 Ho
1551 1407 1602 1447 Ρ.
1624 1406 1724 1448 An—

94 1477 212 1521 tonio
234 1479 248 1500 ⁶
282 1492 364 1521 vos
401 1477 499 1520 hira
534 1492 616 1521 ver
637 1492 708 1520 em
745 1476 901 1530 brebe;
942 1491 968 1520 6
1005 1492 1054 1522 56
1091 1493 1172 1522 vos
1210 1481 1428 1523 achardes
1466 1481 1645 1524 doemte
1667 1483 1724 1524 do

93 1569 242 1611 corpo,
268 1570 293 1599 6
315 1569 404 1611 que
425 1555 468 1598 13
489 1555 653 1597 domde
676 1553 813 1598 estais
834 1559 921 1598 nao
938 1556 1110 1611 podeys
1128 1557 1370 1609 trabalhar,
1392 1558 1539 1613 fareys
1560 1559 1619 1601 ho
1637 1572 1724 1613 que

91 1633 148 1675 ho
171 1632 316 1676 Padre
338 1646 421 1674 uos
443 1631 571 1674 dixer
592 1645 783 1686 aserqua
804 1631 861 1675 de
883 1646 1017 1675 vossa
1033 1632 1190 1675 estada
1213 1648 1284 1677 em
1303 1640 1423 1677 estas
1446 1641 1596 1689 partes
1618 1649 1644 1677 o
1667 1636 1722 1678 de

93 1708 130 1751 ir
150 1712 176 1751 3
190 1708 316 1751 India
337 1724 363 1751 a
384 1723 466 1751 vos
487 1709 624 1752 ffazer
646 1722 778 1750 curar
799 1722 870 1751 em
899 1709 1016 1751 Goa.
1048 1710 1118 1752 De
1147 1710 1322 1754 Duarte
1348 1712 1377 1763 ⁷,
1404 1725 1452 1753 56
1473 1715 1559 1753 nao
1583 1711 1719 1754 tiuer-

94 1785 171 1829 des
186 1784 455 1828 nesecidade
476 1785 626 1838 d'elle‚
652 1784 888 1827 mandai-o
910 1799 965 1828 ao
988 1787 1041 1828 P.
1068 1785 1290 1829 Antonio.

91 1963 366 1998 Praecedentia
383 1963 670 2010 desumpsimus
690 1975 739 1998 ex
754 1963 919 2010 epistola
938 1963 1049 1998 Pauli
1067 1963 1115 1998 do
1134 1964 1245 1998 Valle
1265 1963 1312 1998 ad
1333 1964 1380 1998 P.
1412 1964 1651 2000 Ludovieum
1673 1966 1721 2001 de

92 2021 231 2067 Grana,
257 2023 447 2057 Bembare
467 2031 512 2067 24
531 2022 761 2057 Decembris
783 2022 873 2067 1548
899 2022 1007 2057 data.
1037 2023 1245 2058 Praeterea
1272 2022 1310 2057 in
1337 2034 1398 2069 ep.
1422 2030 1467 2067 74
1497 2023 1655 2058 Xaverii
1674 2024 1721 2058 ad

91 2081 137 2116 P.
161 2081 358 2117 Simonem
375 2081 609 2127 Rodrigues,
629 2082 766 2118 Cocini
784 2090 829 2126 25
848 2081 1023 2127 Januarii
1046 2089 1135 2127 1549
1154 2082 1257 2127 data,
1279 2081 1418 2116 asserit
1446 2082 1604 2116 Petrum
1630 2084 1720 2118 Fer-

92 2141 248 2188 nandes,
267 2142 359 2177 olim
376 2141 510 2176 Indiae
529 2142 728 2177 Vicarium
745 2143 986 2187 generalem⁷
1006 2141 1045 2176 in
1070 2141 1311 2176 Lusitaniam
1330 2141 1471 2186 redire,
1499 2146 1539 2175 et
1565 2153 1612 2176 ex
1632 2153 1721 2177 con·

91 2204 200 2235 textu
218 2200 364 2235 eruitur
378 2199 486 2235 illum
501 2200 639 2236 Cocini
657 2200 920 2246 navigationis
940 2206 1094 2247 tempus
1114 2205 1340 2246 expectare.

158 2260 215 2294 Ex
233 2260 396 2306 epistola
414 2259 525 2295 Pauli
542 2259 591 2295 do
611 2260 739 2305 Valle,
759 2261 873 2306 paulo
891 2265 981 2294 ante
1000 2260 1133 2305 citata,
1161 2270 1367 2305 possumus
1392 2270 1529 2294 eruere
1551 2260 1723 2306 quando-

92 2328 177 2352 nam
194 2318 385 2354 Xaverius
404 2319 530 2355 Goam
548 2320 778 2365 perrexerit3
796 2319 850 2354 ait
869 2319 987 2355 enim:
1010 2320 1093 2354 «Ao
1112 2320 1209 2353 cabo
1224 2319 1293 2353 dos
1312 2317 1423 2353 cinco
1438 2318 1521 2354 dias
1541 2331 1583 2354 se
1597 2320 1723 2366 partio

94 2387 182 2422 pera
199 2377 310 2413 Guoa
327 2390 414 2414 com
430 2378 599 2424 grandes
618 2379 773 2425 desejos
792 2379 841 2414 de
861 2391 930 2414 ver
944 2390 966 2413 0
980 2379 1028 2414 Ρ.
1054 2377 1225 2413 Antonio
1241 2378 1433 2413 Guomez.
1447 2391 1463 2411 υ
1480 2378 1605 2424 Igitur
1618 2379 1721 2414 circa

93 2434 206 2472 finem
224 2438 368 2473 mensis
389 2436 573 2475 Octobris
600 2439 663 2473 vel
695 2438 829 2485 primis
851 2438 1085 2473 Novembris
1115 2437 1253 2472 diebus
1273 2437 1347 2471 iter
1374 2437 1498 2472 Goam
1529 2437 1716 2474 instituit.

95 2494 207 2531 Certe
232 2497 294 2532 die
312 2508 334 2542 9
363 2497 599 2532 Novembris
625 2497 717 2533 illuc
741 2497 868 2533 adhuc
886 2509 964 2533 non
983 2501 1230 2544 pervenerat,
1249 2501 1292 2531 ut
1316 2501 1471 2531 constat
1486 2507 1534 2531 ex
1556 2497 1722 2543 epistola

94 2552 136 2588 P.
153 2554 371 2591 Melchioris
389 2555 612 2602 Goncalves
630 2557 678 2591 ad
696 2557 822 2592 socios
846 2555 1203 2599 Conimbricenses‚
1230 2555 1338 2590 Goae
1365 2554 1428 2589 die
1447 2566 1468 2600 9
1488 2555 1722 2592 Novembris

95 2611 192 2658 data,
211 2626 325 2661 quam
343 2615 383 2650 in
401 2616 640 2651 collectione
658 2617 911 2663 epistolarum
929 2614 1148 2650 Indicarum
1167 2614 1358 2659 integram
1377 2614 1669 2650 exhibebimus.

163 2674 176 2694 2
224 2673 299 2720 ds.,
317 2686 409 2718 ms.‚·
427 2680 467 2709 et
485 2674 541 2710 sic
560 2675 636 2710 Dei
653 2687 796 2710 nomen
814 2687 883 2721 per
903 2680 1023 2709 totam
1041 2673 1246 2720 epistolam
1265 2672 1466 2708 scribitur.

162 2729 178 2751 ³
227 2733 291 2767 AD
309 2734 463 2777 HEBR.,
483 2734 554 2780 XI,
569 2733 629 2769 38.

163 2791 178 2811 ⁴
226 2792 336 2837 Quae
355 2798 571 2839 sequuntur
601 2805 725 2840 usque
755 2793 803 2828 ad
831 2793 952 2828 «Nam
969 2803 1037 2828 uos
1068 2791 1386 2835 descomsoleis»,
1413 2790 1554 2825 desunt
1574 2791 1611 2826 in
1637 2793 1722 2828 cod.

107 2847 288 2896 Villarej.

166 2905 181 2927 ⁸
228 2909 403 2945 Verbum
423 2911 603 2957 «queira»
624 2910 843 2946 redundare
863 2910 1038 2946 videtur.

170 2967 184 2988 ⁶
231 2967 274 3003 P.
295 2969 490 3004 Antonius
505 2969 732 3006 Criminale.

172 3027 185 3046 ⁷
233 3027 292 3062 De
309 3028 383 3064 hoc
399 3028 580 3064 Eduardo
598 3029 694 3064 nihil
713 3029 752 3065 in
772 3028 948 3076 epistolis
973 3026 1116 3063 Indicis
1135 3024 1305 3072 reperire
1330 3024 1536 3069 valuimus3
1563 3025 1632 3060 sed
1658 3026 1725 3060 mi-
1785 3042 1789 3045 -

244 3096 376 3127 Monum.
397 3098 490 3128 XAv.
1463 3094 1499 3123 32
