2049 3360
370 172 439 217 814
861 173 1132 208 MoNUMEN‘rA
1159 172 1410 209 XAvEmANA

323 288 399 317 ces
420 281 637 330 perpetua
659 273 927 325 obedientia,
953 273 1146 329 pobreza
1166 288 1194 329 y
1223 274 1440 327 castidad3
1471 289 1501 330 y
1529 289 1646 331 assy,
1679 276 1823 321 Padre
1850 277 1939 321 mio

319 349 364 392 in
386 351 502 406 Xpo.
529 350 788 393 charissimo
810 351 1005 405 Laynez,
1031 364 1080 392 os
1103 363 1245 406 ruego
1267 364 1348 406 por
1369 350 1560 394 seruicio
1583 352 1638 395 de
1660 351 1769 395 Dios
1796 367 1936 396 nues-

320 434 388 469 tro
410 427 569 480 Sefior,
596 441 682 481 que
705 439 760 469 en
783 426 843 467 mi
866 425 1067 469 absentia
1088 440 1170 468 vos
1192 440 1271 482 por
1293 430 1351 469 mi
1375 427 1622 482 presenteis
1649 435 1744 472 esta
1770 428 1830 470 mi
1851 443 1934 472 vo—

317 504 491 556 luntad,
516 517 600 545 con
622 504 688 545 los
710 510 800 546 tres
821 508 950 545 votos
971 502 1027 546 de
1049 502 1254 558 religion,
1280 503 1322 545 al
1341 504 1529 546 Perlado
1545 518 1633 559 que
1649 504 1930 561 eligieredes,

317 593 486 635 porque
508 579 644 621 desde
672 592 809 634 agora
837 592 942 634 para
972 578 1014 621 el
1046 578 1118 621 dia
1150 592 1237 633 que
1269 593 1316 622 se
1347 578 1513 623 hiziere
1541 587 1744 635 prometo
1775 581 1831 623 de
1862 582 1932 624 los

318 656 527 711 guardar:
552 670 580 710 y
602 668 771 710 porque
788 668 836 697 es
853 654 1020 698 verdad
1040 669 1128 709 ago
1144 655 1186 696 la
1204 661 1412 710 presente
1433 655 1577 710 firma,
1597 655 1784 712 signada
1800 657 1857 701 de
1872 657 1931 699 mi

317 730 493 786 propria
516 745 658 773 mano.

403 806 604 862 Escripta
626 821 682 849 en
705 807 845 849 Roma
867 812 987 848 anfio
1016 816 1141 860 1540,
1167 809 1193 849 ἑ.
1222 817 1269 860 15
1294 808 1349 849 de
1371 821 1536 861 marco.

1401 876 1687 928 FR'ANmsco.

401 959 773 1001 Praecedeutium
798 960 937 1001 trium
961 959 1327 1001 documentorum
1351 960 1598 1015 inscriptio,
1626 961 1758 1002 etiam
1788 975 1929 1003 manu

310 1035 355 1077 S.
384 1036 630 1077 Franciscz‘.
659 1036 765 1078 Esta
787 1050 835 1078 es
857 1036 898 1079 la
921 1043 1042 1078 carta
1063 1036 1119 1078 de
1142 1035 1381 1078 Francisco
1404 1050 1509 1091 para
1536 1036 1606 1079 los
1633 1037 1689 1079 de
1717 1036 1759 1079 la
1787 1037 1928 1080 Com—

311 1115 440 1167 pafiia
463 1112 494 1153 ².

1067 1330 1174 1369 142

581 1444 844 1474 οοΝςΕεειο
875 1444 1152 1474 BREVIARUM
1182 1444 1348 1474 novum
1380 1444 1653 1474 RECITANDI.

780 1537 879 1585 Goa
903 1548 953 1579 21
981 1535 1258 1591 Septembris
1287 1547 1393 1597 15.4²
1423 1537 1450 1578 ¹.

395 1649 463 1690 Eu
487 1650 652 1692 Mestre
675 1649 709 1690 F
713 1648 913 1691 rancisco
931 1647 1130 1691 concedo
1152 1662 1178 1690 a
1193 1651 1291 1701 vos,
1318 1648 1464 1690 Padre
1492 1647 1749 1704 Agostinho
1777 1648 1810 1701 ⁸,
1835 1662 1924 1704 que

306 1738 487 1780 possaes
509 1739 634 1768 rezar
655 1739 682 1767 o
706 1724 868 1768 Officio
889 1725 946 1766 do
970 1723 1198 1768 Breviario
1219 1738 1353 1776 novo,
1373 1738 1542 1779 porque
1557 1738 1664 1780 para
1680 1724 1768 1768 seis
1785 1726 1924 1768 tenho

305 1800 474 1855 licenca
495 1801 551 1845 de
575 1801 655 1843 dar
678 1801 901 1844 facultade
922 1801 978 1842 de
1000 1814 1124 1843 rezar
1146 1814 1172 1842 o
1195 1799 1358 1843 Officio
1376 1813 1507 1842 novo.
1533 1800 1570 1843 E
1594 1814 1763 1856 porque
1785 1800 1919 1844 assim

303 1880 328 1920 e
351 1878 545 1921 verdade
568 1892 655 1933 puz
678 1877 780 1932 aqui
804 1892 830 1920 ο
848 1891 951 1921 meu
974 1876 1151 1932 proprio
1167 1876 1329 1932 signal.

479 1955 574 1997 Aos
598 1966 648 1997 21
674 1954 729 1997 de
753 1955 1019 2009 Septembro
1041 1953 1097 1996 de
1126 1963 1250 2007 1542.

925 2031 1127 2073 MESTRE
1159 2030 1446 2074 FRAN01sco.

372 2136 386 2156 ²
436 2135 542 2170 Haec
561 2135 759 2182 inscriptio
773 2134 811 2170 in
826 2145 943 2181 parvo
961 2135 1095 2181 papyri
1112 2134 1330 2181 fragmento
1348 2140 1470 2181 extat,
1488 2141 1576 2182 post
1592 2135 1794 2172 formulam
1812 2141 1920 2172 voto-

301 2204 384 2227 rum
399 2194 675 2239 conglutinato:
692 2193 790 2230 forte
803 2193 947 2240 duplici
961 2193 1052 2229 folio
1065 2194 1357 2241 reperiebantur
1374 2194 1644 2241 praecedentia
1658 2195 1731 2230 tria
1743 2200 1919 2241 autogra-

299 2252 387 2297 pha,
407 2257 445 2286 et
463 2264 484 2286 e
503 2253 673 2288 secundo
690 2252 840 2288 abscisa
862 2253 950 2299 fuit,
975 2254 1037 2288 vel
1062 2253 1300 2300 probabilius
1325 2265 1372 2288 ex
1391 2253 1589 2289 involucro
1605 2255 1737 2289 clauso
1754 2259 1794 2289 et
1810 2254 1918 2300 sigil-

299 2310 391 2355 lato,
409 2311 509 2357 quod
533 2312 572 2346 in
596 2311 750 2347 modum
775 2312 961 2358 epistolae
980 2312 1070 2348 talia
1093 2311 1324 2347 documenta
1348 2323 1504 2348 servare
1533 2312 1703 2348 debebat
1724 2323 1845 2359 usque
1875 2313 1914 2349 in

299 2368 402 2404 diem
427 2369 627 2406 electionis
651 2370 866 2417 Praepositi
895 2371 1103 2416 generalis.
1134 2371 1393 2406 Summarium
1428 2372 1563 2406 horum
1596 2371 1914 2408 documentorum

299 2432 339 2462 et
356 2428 429 2463 alia
446 2439 521 2464 non
539 2440 672 2475 pauca,
693 2441 807 2465 manu
825 2430 871 2465 P.
899 2429 1013 2465 Boeri
1040 2434 1079 2464 et
1096 2429 1256 2465 aliorum
1272 2435 1442 2476 exarata,
1468 2430 1695 2475 omittimus,
1719 2430 1808 2477 quia
1829 2432 1913 2466 nul-

298 2485 372 2521 lius
391 2492 479 2522 sunt
498 2488 694 2524 momenti.

370 2547 380 2567 ¹
431 2546 487 2580 Ex
506 2545 662 2590 SOUZA,
684 2547 847 2583 Oriente
864 2559 989 2593 conq„
1014 2546 1064 2583 1.’
1081 2552 1220 2594 parte.,
1245 2558 1362 2594 conq.
1391 2547 1460 2592 IV,
1478 2547 1560 2583 div.
1586 2548 1619 2587 Ι,
1643 2559 1686 2583 n.
1714 2547 1776 2594 93.
1801 2548 1911 2585 Hanc

294 2603 599 2647 concessionem,
618 2616 694 2640 non
718 2616 786 2651 pro
804 2617 860 2651 se,
886 2605 955 2641 sed
973 2611 1015 2641 ut
1045 2617 1114 2641 sex
1134 2606 1286 2641 clericis
1305 2617 1389 2641 eam
1419 2605 1634 2641 condonare
1651 2612 1798 2653 posset,
1816 2606 1926 2643 vidi-.

293 2673 379 2697 mus
396 2662 555 2708 petiisse
576 2663 800 2710 Xaverium,
820 2676 948 2711 supra,
967 2676 1033 2711 ep.
1055 2672 1091 2710 7,
1117 2676 1158 2700 n.
1183 2675 1220 2710 4,
1235 2675 1327 2711 pag.
1352 2663 1436 2700 233.
1461 2664 1522 2701 Cf.
1542 2669 1677 2701 annot.
1697 2665 1718 2700 8
1736 2665 1912 2712 ejusdem

293 2720 473 2767 paginae,
492 2721 593 2756 circa
611 2722 845 2758 breviarium
863 2734 1020 2758 novum.

364 2781 378 2800 2
428 2779 471 2813 P.
493 2779 735 2824 Augustinus
753 2781 801 2816 de
825 2781 949 2826 Salas,
968 2781 1075 2817 Goae
1093 2792 1142 2816 ex
1161 2786 1268 2828 patre
1288 2781 1454 2817 lusitano
1472 2786 1597 2817 natus:
1622 2781 1686 2817 hic
1705 2793 1803 2817 unus
1827 2787 1911 2817 erat

289 2847 338 2872 ex
356 2837 494 2872 indicis
513 2838 789 2883 sacerdotibus,
808 2840 873 2886 qui
890 2840 1026 2875 Patres
1043 2839 1250 2876 Societatis
1274 2851 1343 2886 per
1368 2841 1527 2886 longum
1548 2845 1701 2887 tempus
1731 2840 1769 2876 in
1799 2839 1907 2887 spiri·

288 2895 460 2931 tualibus
479 2896 620 2931 muniis
637 2897 825 2933 obeundis
843 2897 1094 2944 adjuvarunt.
1117 2899 1216 2934 Vide
1243 2898 1394 2942 SOUZA,
1423 2897 1588 2934 Oriente
1609 2909 1735 2945 conq.‚
1760 2899 1844 2934 loco
1863 2897 1903 2934 in

288 2960 422 2990 annot.
442 2962 456 2989 1
478 2953 610 2990 citato.

1996 2853 2031 2979 *2⁶²‚⁵'‘⁴³‘'2³
1998 2740 2027 2835 ᾗδὲ-ι

1991 2979 2022 3046 *5:04
