2018 3510
373 254 441 282 210
484 250 485 253 ’
866 247 1139 282 MONUMENTA
1165 247 1417 282 XAVERIANA

325 350 440 406 pado
462 364 520 392 en·
538 362 621 404 uyr
643 349 672 369 ¹¹
691 348 1012 400 confessiones,
1033 362 1120 402 que
1137 362 1195 390 no
1212 348 1367 391 estaba
1384 361 1441 391 en
1457 346 1569 390 Sant
1587 345 1724 399 Luys.
1749 343 1778 364 ¹²
1799 344 1947 385 Enco-
2017 368 2018 384 2

323 425 590 470 mendadme
626 426 792 467 mucho
818 429 843 467 a
867 425 1010 476 todos,
1042 439 1128 479 que
1158 439 1205 468 es
1233 423 1402 466 verdad
1424 437 1512 478 que
1534 435 1614 477 por
1636 420 1744 463 satta
1763 419 1819 462 de
1845 419 1946 462 hol-

320 502 427 545 bido
450 515 508 544 no
530 501 645 545 dexo
668 502 724 545 de
746 502 971 557 ponerlos.

405 580 476 621 De
495 576 683 620 Bolonia
706 577 863 619 ultimo
886 577 942 620 de
961 579 1114 631 Marco
1144 587 1269 631 1540.

681 654 831 695 Vester
854 654 905 695 in
929 654 1039 708 Xpo.
1061 654 1225 711 frater
1247 657 1287 695 et
1303 665 1479 705 servuS,

1385 730 1421 772 F
1425 740 1705 773 RAchscth.

408 808 665 863 Inscriptio.
693 806 721 864 †
744 808 787 850 A
810 806 892 849 mis
915 806 962 848 in
984 808 1099 862 Xpo.
1129 812 1314 849 nuestro
1352 806 1499 850 Sefior
1518 806 1774 856 hermanos‚
1805 802 1946 847 Micer

319 884 494 942 Ignatio
522 886 579 927 he
607 883 748 928 Micer
786 884 933 927 Pedro
971 883 1162 926 Codatio
1200 898 1256 927 en
1294 884 1439 926 Roma
1475 897 1532 926 en
1558 882 1604 924 la
1624 888 1743 924 torre
1765 882 1946 924 Meran-
2015 875 2018 914 ἔ

319 962 455 1019 guela
477 977 534 1006 en
555 975 659 1004 casa
680 961 738 1004 de
760 959 901 1004 Micer
923 959 1124 1003 Antonio
1148 961 1376 1016 Frerepau
1401 960 1448 1002 ¹³.
2016 952 2018 960 ¹

406 1041 475 1082 De
499 1045 625 1094 porte
650 1052 710 1080 un
733 1051 892 1093 grosso
920 1037 967 1079 ¹⁴.

404 1116 461 1158 In
494 1116 629 1158 tertia
658 1114 857 1170 pagina.
900 1115 999 1169 Ego
1031 1113 1342 1169 infrascriptus
1380 1119 1520 1156 testor
1555 1114 1672 1155 hanc
1709 1100 1943 1167 epistolam

317 1207 453 1236 manu
489 1191 585 1248 ipsa
613 1192 661 1235 S.
702 1192 737 1233 F
740 1203 930 1233 rancisci
966 1189 1150 1233 Xaverii
1178 1204 1277 1234 esse
1314 1196 1541 1234 exaratam
1579 1196 1624 1233 et
1653 1203 1710 1232 ex
1744 1187 1943 1231 Archivo

315 1271 490 1312 Domus
514 1269 750 1311 professae
773 1269 1001 1349 Romanae
1024 1266 1262 1311 Societatis
1277 1269 1388 1324 Jesu
1400 1273 1661 1310 extractam.
1684 1267 1734 1308 In
1751 1278 1943 1321 quorum
2002 1268 2004 1275 ’

319 1347 453 1389 fidem
477 1352 564 1389 etc.

406 1424 575 1465 Romae
599 1421 653 1463 28
678 1419 784 1463 Maii
806 1420 933 1474 1763.

684 1495 955 1540 Laurentius
978 1496 1118 1551 Ricci,
1146 1499 1331 1553 Praep.s
1358 1494 1531 1540 Gen.1is
1560 1493 1704 1539 Soc.is
1729 1496 1840 1552 Jesu

1142 1587 1202 1616 m.
1238 1587 1282 1629 p.

401 1645 557 1688 Manet
581 1645 817 1700 integrum
838 1643 1047 1700 sigillum
1070 1644 1314 1696 Societatis,
1326 1646 1429 1700 post
1443 1643 1721 1699 praecedens
1743 1644 1939 1686 testimo—

317 1723 447 1765 nium
463 1722 679 1777 positum.

401 1800 508 1842 Alia
530 1812 686 1849 manu,
710 1797 760 1839 in
783 1799 948 1852 quarta
963 1797 1162 1853 pagina.
1195 1808 1320 1853 1540.
1341 1800 1410 1843 De
1435 1797 1626 1842 Boionia
1643 1799 1727 1840 Mr.
1752 1798 1788 1840 F
1791 1811 1939 1841 ran.co
1987 1809 1998 1844 s,

315 1877 356 1921 el
380 1875 536 1918 ultimo
558 1875 615 1919 de
638 1876 806 1917 Marzo.

400 1953 459 1996 Et
479 1952 588 1994 alia.
622 1961 747 2005 1540.
775 1951 977 1995 Boionia.
1006 1954 1089 1995 Mr.
1116 1953 1302 1995 Fran.eo
1326 1952 1483 1995 ultimo
1501 1953 1574 1995 del
1591 1954 1760 1996 Marzo.

402 2031 512 2071 Post
527 2027 846 2084 apographum
868 2028 986 2070 «cod.
1008 2029 1139 2071 Rom.
1161 2034 1353 2086 apogr.»
1374 2030 1439 2071 sic
1456 2029 1642 2086 legitur.
1665 2027 1946 2084 L’originalez

313 2105 358 2148 di
387 2111 547 2161 questa
575 2105 736 2148 lettera
768 2104 816 2147 fu
853 2105 958 2147 dato
986 2119 1012 2147 a
1041 2106 1095 2148 28
1134 2107 1257 2162 Mag.
1297 2106 1406 2161 1763
1440 2107 1513 2149 dal
1541 2108 1594 2149 R.
1632 2107 1684 2148 P
1718 2105 1944 2186 Generale·

314 2184 516 2226 Lorenzo
539 2180 664 2224 Ricci
686 2181 728 2223 al
751 2181 865 2224 Coll.
874 2180 910 2215 io
940 2181 984 2224 di
1007 2183 1054 2226 S.
1082 2182 1223 2226 Lucia
1239 2182 1283 2225 di
1307 2183 1527 2239 Bologna.

386 2331 412 2351 ¹¹
464 2328 509 2363 Id
523 2333 598 2374 est,
617 2339 666 2363 en
680 2328 756 2362 oir.

385 2390 412 2410 ¹⁶²
463 2387 557 2422 Scil.
576 2387 738 2432 Romae,
757 2387 796 2422 in
815 2389 961 2434 templo
976 2388 1017 2423 S.
1044 2388 1231 2424 Ludoviei
1255 2389 1488 2424 Francorum
1514 2389 1633 2435 regis.

383 2448 411 2469 ¹³
461 2445 610 2491 Turris,
637 2445 700 2480 hic
723 2445 827 2480 dieta
847 2446 1127 2494 Meranguela,
1147 2448 1187 2483 in
1205 2460 1267 2495 ep.
1289 2458 1326 2494 4,
1345 2448 1367 2482 6
1385 2453 1424 2484 et
1449 2457 1470 2493 7
1488 2448 1630 2484 dicitur
1660 2449 1938 2497 Maramgulo;

311 2511 350 2540 et
369 2504 562 2539 Antonius
581 2505 789 2550 Frerepau
812 2506 1108 2550 cognominatur
1131 2507 1340 2553 Freapane
1365 2507 1404 2541 in
1423 2519 1484 2553 ep.
1510 2517 1544 2552 4.
1571 2507 1698 2543 Locus
1723 2512 1853 2543 autem
1870 2505 1938 2543 ubi
1977 2528 1979 2530 -

310 2565 350 2600 S.
371 2563 545 2610 Ignatius
564 2563 597 2608 ej
606 2574 726 2609 usque
744 2563 839 2598 socii
857 2565 1003 2600 Romae
1021 2565 1232 2612 degebant,
1250 2567 1323 2601 hoc
1341 2566 1454 2601 modo
1473 2566 1591 2602 scribi
1608 2566 1758 2602 debuit:
1776 2568 1936 2602 «Pressa

307 2624 381 2658 alla
394 2623 514 2657 Torre
532 2621 595 2656 del
614 2622 848 2667 Melang010‚
869 2634 917 2657 en
936 2634 1025 2658 casa
1046 2623 1094 2659 de
1114 2623 1234 2659 Micer
1253 2624 1425 2660 Antonio
1446 2625 1718 2672 Frangipani.»
1746 2625 1936 2661 Audiatur

306 2682 377 2717 hac
391 2681 440 2715 de
458 2692 500 2715 re
519 2681 718 2715 BARTOLI:
753 2693 817 2715 «...
839 2692 904 2716 era
933 2693 1068 2727 presso
1099 2684 1172 2718 alla
1190 2684 1311 2718 Torre
1337 2685 1410 2720 che
1439 2684 1692 2720 chiamavano
1710 2684 1772 2720 del
1795 2685 1936 2720 Melan-

304 2740 456 2786 golo...,
475 2739 533 2774 fra
548 2739 592 2773 S.
616 2738 798 2774 Caterina
821 2740 893 2774 che
911 2740 1112 2776 chiamano
1137 2742 1347 2778 de'Funari
1365 2754 1387 2778 e
1413 2744 1545 2790 piazza
1570 2744 1792 2789 Margana.»
1817 2743 1935 2783 Della
1971 2748 1975 2754 ²

303 2801 389 2835 vita
406 2811 424 2834 e
451 2798 543 2833 dell*
561 2798 715 2832 istituto
733 2799 779 2833 de
800 2798 844 2833 S.
869 2799 1046 2846 Ignazi0‚
1069 2806 1100 2836 t.
1127 2802 1177 2847 ΙΙ,
1196 2803 1213 2847 ἓ
1231 2803 1500 2846 44.—P1enius
1529 2803 1578 2838 de
1596 2803 1656 2838 his
1674 2803 1879 2839 disseritur
1893 2801 1934 2837 in

303 2857 574 2893 recentissimo
605 2867 721 2902 opere
744 2856 793 2891 Le
816 2869 901 2892 case
927 2859 1074 2894 abitate
1100 2861 1144 2894 in
1171 2861 1299 2896 Roma
1325 2863 1378 2897 da
1400 2862 1441 2897 S.
1467 2863 1636 2910 Ignazio
1661 2863 1706 2898 di
1732 2862 1931 2906 Loiola...‚

304 2921 462 2952 auctore
481 2917 624 2951 PETRO
643 2915 808 2951 TAccm
823 2916 1018 2953 VENTURI
1037 2918 1079 2953 S.
1102 2920 1138 2964 J.

376 2978 404 2998 ¹⁴
453 2975 669 3021 Scripserat
700 2979 813 3009 antea
841 2976 998 3011 sueldo:
1024 2977 1112 3021 sed,
1142 2980 1357 3014 cancellato
1384 2980 1457 3015 hoc
1487 2981 1630 3027 verbo,
1655 2992 1772 3027 super
1801 2980 1924 3027 ipsum
1969 2994 1971 2998 ·

302 3034 459 3082 scripsit
486 3045 640 3082 grosso.
