<?xml version="1.0" encoding="UTF-8"?>
<!DOCTYPE html PUBLIC "-//W3C//DTD XHTML 1.0 Transitional//EN"
    "http://www.w3.org/TR/xhtml1/DTD/xhtml1-transitional.dtd">
<html xmlns="http://www.w3.org/1999/xhtml" xml:lang="en" lang="en">
 <head>
  <title>
</title>
<meta http-equiv="Content-Type" content="text/html;charset=utf-8" />
  <meta name='ocr-system' content='tesseract 3.04.00' />
  <meta name='ocr-capabilities' content='ocr_page ocr_carea ocr_par ocr_line ocrx_word'/>
</head>
<body>
  <div class='ocr_page' id='page_1' title='image "./monumentaxaveria1601fran_1010.png"; bbox 0 0 2049 3360; ppageno 0'>
   <div class='ocr_carea' id='block_1_1' title="bbox 350 172 1402 216">
    <p class='ocr_par' dir='ltr' id='par_1_1' title="bbox 350 172 1402 216">
     <span class='ocr_line' id='line_1_1' title="bbox 350 172 1402 216; baseline 0.003 -11"><span class='ocrx_word' id='word_1_1' title='bbox 350 179 419 216; x_wconf 87' lang='lat'>970</span> <span class='ocrx_word' id='word_1_2' title='bbox 847 172 1119 208; x_wconf 79' lang='lat' dir='ltr'>MONUMENTA</span> <span class='ocrx_word' id='word_1_3' title='bbox 1147 172 1402 208; x_wconf 70' lang='lat' dir='ltr'>XAvi-:mANA</span> 
     </span>
    </p>
   </div>
   <div class='ocr_carea' id='block_1_2' title="bbox 302 270 1937 321">
    <p class='ocr_par' dir='ltr' id='par_1_2' title="bbox 302 270 1937 321">
     <span class='ocr_line' id='line_1_2' title="bbox 302 270 1937 321; baseline 0.003 -16"><span class='ocrx_word' id='word_1_4' title='bbox 302 270 421 315; x_wconf 92' lang='lat' dir='ltr'>illius,</span> <span class='ocrx_word' id='word_1_5' title='bbox 441 278 483 308; x_wconf 91' lang='lat' dir='ltr'>ut</span> <span class='ocrx_word' id='word_1_6' title='bbox 501 277 660 318; x_wconf 89' lang='lat' dir='ltr'>apparet</span> <span class='ocrx_word' id='word_1_7' title='bbox 674 271 891 307; x_wconf 82' lang='lat' dir='ltr'>conferenti</span> <span class='ocrx_word' id='word_1_8' title='bbox 909 273 1007 306; x_wconf 90' lang='lat' dir='ltr'>hanc</span> <span class='ocrx_word' id='word_1_9' title='bbox 1026 271 1230 318; x_wconf 88' lang='lat' dir='ltr'>epistolam</span> <span class='ocrx_word' id='word_1_10' title='bbox 1248 283 1335 307; x_wconf 89' lang='lat' dir='ltr'>cum</span> <span class='ocrx_word' id='word_1_11' title='bbox 1355 273 1578 319; x_wconf 84' lang='lat' dir='ltr'>paragrahis</span> <span class='ocrx_word' id='word_1_12' title='bbox 1600 282 1657 319; x_wconf 88' lang='lat'>1—4</span> <span class='ocrx_word' id='word_1_13' title='bbox 1676 279 1715 309; x_wconf 90' lang='lat' dir='ltr'>et</span> <span class='ocrx_word' id='word_1_14' title='bbox 1733 274 1755 309; x_wconf 89' lang='lat'>8</span> <span class='ocrx_word' id='word_1_15' title='bbox 1773 285 1937 321; x_wconf 88' lang='lat' dir='ltr'>sequen-</span> 
     </span>
    </p>
   </div>
   <div class='ocr_carea' id='block_1_3' title="bbox 1975 0 2016 114">
    <p class='ocr_par' dir='ltr' id='par_1_3' title="bbox 1975 0 2016 114">
     <span class='ocr_line' id='line_1_3' title="bbox 1975 0 2016 114; textangle 90"><span class='ocrx_word' id='word_1_16' title='bbox 2004 112 2007 114; x_wconf 86' lang='lat'>.</span> <span class='ocrx_word' id='word_1_17' title='bbox 1975 0 2016 98; x_wconf 31' lang='lat' dir='ltr'>&amp;RQ-24:51</span> 
     </span>
    </p>
   </div>
   <div class='ocr_carea' id='block_1_4' title="bbox 305 330 1994 380">
    <p class='ocr_par' dir='ltr' id='par_1_4' title="bbox 305 330 1994 380">
     <span class='ocr_line' id='line_1_4' title="bbox 305 330 1994 380; baseline 0.002 -14"><span class='ocrx_word' id='word_1_18' title='bbox 305 332 367 366; x_wconf 87' lang='lat' dir='ltr'>tis.</span> <span class='ocrx_word' id='word_1_19' title='bbox 388 331 472 366; x_wconf 91' lang='lat' dir='ltr'>Hoc</span> <span class='ocrx_word' id='word_1_20' title='bbox 488 336 617 366; x_wconf 91' lang='lat' dir='ltr'>tamen</span> <span class='ocrx_word' id='word_1_21' title='bbox 636 331 812 374; x_wconf 90' lang='lat' dir='ltr'>adverte,</span> <span class='ocrx_word' id='word_1_22' title='bbox 829 330 1033 377; x_wconf 89' lang='lat' dir='ltr'>epistolam</span> <span class='ocrx_word' id='word_1_23' title='bbox 1051 331 1196 367; x_wconf 80' lang='lat' dir='ltr'>codicis</span> <span class='ocrx_word' id='word_1_24' title='bbox 1218 332 1417 378; x_wconf 82' lang='lat' dir='ltr'>Villarej.‚</span> <span class='ocrx_word' id='word_1_25' title='bbox 1437 344 1552 380; x_wconf 88' lang='lat' dir='ltr'>quarn</span> <span class='ocrx_word' id='word_1_26' title='bbox 1569 333 1719 378; x_wconf 89' lang='lat' dir='ltr'>damus,</span> <span class='ocrx_word' id='word_1_27' title='bbox 1735 339 1775 368; x_wconf 89' lang='lat' dir='ltr'>et</span> <span class='ocrx_word' id='word_1_28' title='bbox 1792 333 1936 380; x_wconf 85' lang='lat' dir='ltr'>episto·</span> <span class='ocrx_word' id='word_1_29' title='bbox 1992 342 1994 346; x_wconf 87' lang='lat'>&#39;</span> 
     </span>
    </p>
   </div>
   <div class='ocr_carea' id='block_1_5' title="bbox 302 389 1935 436">
    <p class='ocr_par' dir='ltr' id='par_1_5' title="bbox 302 389 1935 436">
     <span class='ocr_line' id='line_1_5' title="bbox 302 389 1935 436; baseline 0.002 -12"><span class='ocrx_word' id='word_1_30' title='bbox 302 391 377 425; x_wconf 89' lang='lat' dir='ltr'>lam</span> <span class='ocrx_word' id='word_1_31' title='bbox 396 390 621 435; x_wconf 90' lang='lat' dir='ltr'>Tursellini,</span> <span class='ocrx_word' id='word_1_32' title='bbox 647 390 722 424; x_wconf 90' lang='lat' dir='ltr'>etsi</span> <span class='ocrx_word' id='word_1_33' title='bbox 752 389 960 425; x_wconf 89' lang='lat' dir='ltr'>videantur</span> <span class='ocrx_word' id='word_1_34' title='bbox 989 389 1190 436; x_wconf 86' lang='lat' dir='ltr'>sequentis</span> <span class='ocrx_word' id='word_1_35' title='bbox 1217 391 1484 436; x_wconf 87' lang='lat' dir='ltr'>summarium,</span> <span class='ocrx_word' id='word_1_36' title='bbox 1516 398 1647 427; x_wconf 89' lang='lat' dir='ltr'>tamen</span> <span class='ocrx_word' id='word_1_37' title='bbox 1669 392 1771 427; x_wconf 91' lang='lat' dir='ltr'>inter</span> <span class='ocrx_word' id='word_1_38' title='bbox 1795 404 1837 427; x_wconf 92' lang='lat' dir='ltr'>se</span> <span class='ocrx_word' id='word_1_39' title='bbox 1855 403 1935 428; x_wconf 87' lang='lat' dir='ltr'>non</span> 
     </span>
    </p>
   </div>
   <div class='ocr_carea' id='block_1_6' title="bbox 300 449 1932 498">
    <p class='ocr_par' dir='ltr' id='par_1_6' title="bbox 300 442 2015 498">
     <span class='ocr_line' id='line_1_6' title="bbox 300 449 1932 498; baseline 0.002 -14"><span class='ocrx_word' id='word_1_40' title='bbox 300 449 527 484; x_wconf 89' lang='lat' dir='ltr'>convenire.</span> <span class='ocrx_word' id='word_1_41' title='bbox 553 449 796 484; x_wconf 90' lang='lat' dir='ltr'>Tursellinus</span> <span class='ocrx_word' id='word_1_42' title='bbox 815 455 964 496; x_wconf 88' lang='lat' dir='ltr'>partem</span> <span class='ocrx_word' id='word_1_43' title='bbox 979 449 1209 496; x_wconf 86' lang='lat' dir='ltr'>paragraphi</span> <span class='ocrx_word' id='word_1_44' title='bbox 1223 457 1244 494; x_wconf 88' lang='lat'><strong>7</strong></span> <span class='ocrx_word' id='word_1_45' title='bbox 1258 449 1380 494; x_wconf 84' lang='lat' dir='ltr'><strong>dedit,</strong></span> <span class='ocrx_word' id='word_1_46' title='bbox 1396 450 1500 498; x_wconf 91' lang='lat' dir='ltr'>quod</span> <span class='ocrx_word' id='word_1_47' title='bbox 1517 452 1600 486; x_wconf 89' lang='lat' dir='ltr'>cod.</span> <span class='ocrx_word' id='word_1_48' title='bbox 1628 451 1809 497; x_wconf 83' lang='lat' dir='ltr'>Villarej.</span> <span class='ocrx_word' id='word_1_49' title='bbox 1826 462 1932 498; x_wconf 85' lang='lat' dir='ltr'>prae·</span> 
     </span>
    </p>
   </div>
   <div class='ocr_carea' id='block_1_7' title="bbox 301 508 1937 735">
    <p class='ocr_par' dir='ltr' id='par_1_7' title="bbox 301 508 482 545">
     <span class='ocr_line' id='line_1_7' title="bbox 301 508 482 545; baseline 0.011 -2"><span class='ocrx_word' id='word_1_50' title='bbox 301 508 482 545; x_wconf 87' lang='lat' dir='ltr'>termisit.</span> 
     </span>
    </p>

    <p class='ocr_par' dir='ltr' id='par_1_8' title="bbox 302 561 1935 674">
     <span class='ocr_line' id='line_1_8' title="bbox 370 561 1935 614; baseline 0.001 -12"><span class='ocrx_word' id='word_1_51' title='bbox 370 569 444 613; x_wconf 89' lang='lat' dir='ltr'>Ep.</span> <span class='ocrx_word' id='word_1_52' title='bbox 469 580 506 602; x_wconf 90' lang='lat' dir='ltr'>n.</span> <span class='ocrx_word' id='word_1_53' title='bbox 535 566 657 604; x_wconf 69' lang='lat'>1:31».</span> <span class='ocrx_word' id='word_1_54' title='bbox 712 561 987 603; x_wconf 84' lang='lat' dir='ltr'>Praecede&#39;ntis</span> <span class='ocrx_word' id='word_1_55' title='bbox 1007 568 1196 614; x_wconf 89' lang='lat' dir='ltr'>epistolae</span> <span class='ocrx_word' id='word_1_56' title='bbox 1216 579 1323 614; x_wconf 88' lang='lat' dir='ltr'>pars.</span> <span class='ocrx_word' id='word_1_57' title='bbox 1348 568 1448 604; x_wconf 83' lang='lat' dir='ltr'>Vide</span> <span class='ocrx_word' id='word_1_58' title='bbox 1467 575 1600 605; x_wconf 90' lang='lat' dir='ltr'>annot.</span> <span class='ocrx_word' id='word_1_59' title='bbox 1624 578 1656 614; x_wconf 84' lang='lat'>1,</span> <span class='ocrx_word' id='word_1_60' title='bbox 1676 569 1742 605; x_wconf 91' lang='lat' dir='ltr'>ubi</span> <span class='ocrx_word' id='word_1_61' title='bbox 1761 569 1935 605; x_wconf 88' lang='lat' dir='ltr'>indican—</span> 
     </span>
     <span class='ocr_line' id='line_1_9' title="bbox 302 627 1373 674; baseline 0.001 -12"><span class='ocrx_word' id='word_1_62' title='bbox 302 633 362 662; x_wconf 88' lang='lat' dir='ltr'>tur</span> <span class='ocrx_word' id='word_1_63' title='bbox 380 627 624 673; x_wconf 84' lang='lat' dir='ltr'>paragraphi,</span> <span class='ocrx_word' id='word_1_64' title='bbox 643 639 742 674; x_wconf 90' lang='lat' dir='ltr'>quae</span> <span class='ocrx_word' id='word_1_65' title='bbox 762 628 801 662; x_wconf 91' lang='lat' dir='ltr'>in</span> <span class='ocrx_word' id='word_1_66' title='bbox 819 628 891 663; x_wconf 89' lang='lat' dir='ltr'>hac</span> <span class='ocrx_word' id='word_1_67' title='bbox 909 627 1074 674; x_wconf 90' lang='lat' dir='ltr'>epistola</span> <span class='ocrx_word' id='word_1_68' title='bbox 1087 627 1373 663; x_wconf 86' lang='lat' dir='ltr'>desiderantur.</span> 
     </span>
    </p>

    <p class='ocr_par' dir='ltr' id='par_1_9' title="bbox 373 685 1937 735">
     <span class='ocr_line' id='line_1_10' title="bbox 373 685 1937 735; baseline 0.002 -15"><span class='ocrx_word' id='word_1_69' title='bbox 373 687 442 732; x_wconf 88' lang='lat' dir='ltr'>Ep.</span> <span class='ocrx_word' id='word_1_70' title='bbox 463 698 506 721; x_wconf 92' lang='lat' dir='ltr'>n.</span> <span class='ocrx_word' id='word_1_71' title='bbox 528 685 643 722; x_wconf 69' lang='lat'>1:33.</span> <span class='ocrx_word' id='word_1_72' title='bbox 694 687 749 723; x_wconf 88' lang='lat' dir='ltr'>Ut</span> <span class='ocrx_word' id='word_1_73' title='bbox 767 687 806 722; x_wconf 93' lang='lat' dir='ltr'>in</span> <span class='ocrx_word' id='word_1_74' title='bbox 825 692 958 722; x_wconf 90' lang='lat' dir='ltr'>annot.</span> <span class='ocrx_word' id='word_1_75' title='bbox 982 695 995 721; x_wconf 92' lang='lat'>1</span> <span class='ocrx_word' id='word_1_76' title='bbox 1017 686 1166 722; x_wconf 90' lang='lat' dir='ltr'>dictum</span> <span class='ocrx_word' id='word_1_77' title='bbox 1185 694 1260 732; x_wconf 89' lang='lat' dir='ltr'>est,</span> <span class='ocrx_word' id='word_1_78' title='bbox 1276 688 1487 734; x_wconf 88' lang='lat' dir='ltr'>respondet</span> <span class='ocrx_word' id='word_1_79' title='bbox 1502 689 1740 735; x_wconf 84' lang='lat' dir='ltr'>paragrapho</span> <span class='ocrx_word' id='word_1_80' title='bbox 1757 696 1771 723; x_wconf 90' lang='lat'>1</span> <span class='ocrx_word' id='word_1_81' title='bbox 1793 688 1937 735; x_wconf 87' lang='lat' dir='ltr'>episto-</span> 
     </span>
    </p>
   </div>
   <div class='ocr_carea' id='block_1_8' title="bbox 302 745 1938 794">
    <p class='ocr_par' dir='ltr' id='par_1_10' title="bbox 302 745 2009 801">
     <span class='ocr_line' id='line_1_11' title="bbox 302 745 1938 794; baseline 0.002 -15"><span class='ocrx_word' id='word_1_82' title='bbox 302 746 359 779; x_wconf 90' lang='lat' dir='ltr'>lae</span> <span class='ocrx_word' id='word_1_83' title='bbox 383 745 447 780; x_wconf 84' lang='lat'>128</span> <span class='ocrx_word' id='word_1_84' title='bbox 465 745 536 788; x_wconf 88' lang='lat' dir='ltr'>(ibi</span> <span class='ocrx_word' id='word_1_85' title='bbox 555 757 757 792; x_wconf 83' lang='lat' dir='ltr'>perperam</span> <span class='ocrx_word' id='word_1_86' title='bbox 776 746 918 781; x_wconf 89' lang='lat' dir='ltr'>dicitur</span> <span class='ocrx_word' id='word_1_87' title='bbox 937 758 1001 792; x_wconf 90' lang='lat' dir='ltr'>ep.</span> <span class='ocrx_word' id='word_1_88' title='bbox 1023 745 1120 791; x_wconf 89' lang='lat' dir='ltr'>13o);</span> <span class='ocrx_word' id='word_1_89' title='bbox 1140 758 1227 782; x_wconf 90' lang='lat' dir='ltr'>cum</span> <span class='ocrx_word' id='word_1_90' title='bbox 1248 747 1367 793; x_wconf 87' lang='lat' dir='ltr'>igitur</span> <span class='ocrx_word' id='word_1_91' title='bbox 1386 747 1551 794; x_wconf 88' lang='lat' dir='ltr'>epistola</span> <span class='ocrx_word' id='word_1_92' title='bbox 1573 747 1638 784; x_wconf 87' lang='lat'>128</span> <span class='ocrx_word' id='word_1_93' title='bbox 1656 747 1855 794; x_wconf 88' lang='lat' dir='ltr'>originalis</span> <span class='ocrx_word' id='word_1_94' title='bbox 1869 747 1938 792; x_wconf 89' lang='lat' dir='ltr'>sit,</span> 
     </span>
    </p>
   </div>
   <div class='ocr_carea' id='block_1_9' title="bbox 299 803 1936 1270">
    <p class='ocr_par' dir='ltr' id='par_1_11' title="bbox 299 803 1936 1085">
     <span class='ocr_line' id='line_1_12' title="bbox 300 803 1936 854; baseline 0.002 -16"><span class='ocrx_word' id='word_1_95' title='bbox 300 816 363 850; x_wconf 85' lang='lat' dir='ltr'>ep.</span> <span class='ocrx_word' id='word_1_96' title='bbox 394 803 459 839; x_wconf 85' lang='lat'>133</span> <span class='ocrx_word' id='word_1_97' title='bbox 478 804 632 840; x_wconf 90' lang='lat' dir='ltr'>videtur</span> <span class='ocrx_word' id='word_1_98' title='bbox 650 806 807 840; x_wconf 90' lang='lat' dir='ltr'>omnino</span> <span class='ocrx_word' id='word_1_99' title='bbox 826 805 1104 852; x_wconf 85' lang='lat' dir='ltr'>expungenda.</span> <span class='ocrx_word' id='word_1_100' title='bbox 1127 807 1243 841; x_wconf 87' lang='lat' dir='ltr'>Forte</span> <span class='ocrx_word' id='word_1_101' title='bbox 1261 806 1346 841; x_wconf 89' lang='lat' dir='ltr'>vice</span> <span class='ocrx_word' id='word_1_102' title='bbox 1362 808 1483 842; x_wconf 91' lang='lat' dir='ltr'>altera</span> <span class='ocrx_word' id='word_1_103' title='bbox 1498 813 1763 854; x_wconf 86' lang='lat' dir='ltr'>praeceptum,</span> <span class='ocrx_word' id='word_1_104' title='bbox 1778 807 1882 854; x_wconf 90' lang='lat' dir='ltr'>quod</span> <span class='ocrx_word' id='word_1_105' title='bbox 1895 806 1936 842; x_wconf 88' lang='lat' dir='ltr'>in</span> 
     </span>
     <span class='ocr_line' id='line_1_13' title="bbox 300 863 1935 913; baseline 0.003 -17"><span class='ocrx_word' id='word_1_106' title='bbox 300 874 344 897; x_wconf 87' lang='lat' dir='ltr'>ea</span> <span class='ocrx_word' id='word_1_107' title='bbox 363 863 599 909; x_wconf 88' lang='lat' dir='ltr'>continetur,</span> <span class='ocrx_word' id='word_1_108' title='bbox 625 864 786 900; x_wconf 89' lang='lat' dir='ltr'>missum</span> <span class='ocrx_word' id='word_1_109' title='bbox 817 863 906 911; x_wconf 87' lang='lat' dir='ltr'>fuit,</span> <span class='ocrx_word' id='word_1_110' title='bbox 936 871 1119 912; x_wconf 88' lang='lat' dir='ltr'>tanquam</span> <span class='ocrx_word' id='word_1_111' title='bbox 1146 866 1302 912; x_wconf 84' lang='lat' dir='ltr'>hijuela</span> <span class='ocrx_word' id='word_1_112' title='bbox 1333 877 1401 901; x_wconf 92' lang='lat' dir='ltr'>seu</span> <span class='ocrx_word' id='word_1_113' title='bbox 1433 866 1599 913; x_wconf 89' lang='lat' dir='ltr'>epistola</span> <span class='ocrx_word' id='word_1_114' title='bbox 1623 866 1819 912; x_wconf 87' lang='lat' dir='ltr'>adjuncta,</span> <span class='ocrx_word' id='word_1_115' title='bbox 1845 876 1935 901; x_wconf 90' lang='lat' dir='ltr'>cum</span> 
     </span>
     <span class='ocr_line' id='line_1_14' title="bbox 300 921 1933 971; baseline 0.002 -15"><span class='ocrx_word' id='word_1_116' title='bbox 300 933 360 968; x_wconf 87' lang='lat' dir='ltr'>ep.</span> <span class='ocrx_word' id='word_1_117' title='bbox 385 921 465 966; x_wconf 85' lang='lat'>134,</span> <span class='ocrx_word' id='word_1_118' title='bbox 485 928 601 970; x_wconf 92' lang='lat' dir='ltr'>atque</span> <span class='ocrx_word' id='word_1_119' title='bbox 620 924 690 958; x_wconf 90' lang='lat' dir='ltr'>hac</span> <span class='ocrx_word' id='word_1_120' title='bbox 705 924 753 959; x_wconf 90' lang='lat' dir='ltr'>de</span> <span class='ocrx_word' id='word_1_121' title='bbox 772 935 889 959; x_wconf 90' lang='lat' dir='ltr'>causa</span> <span class='ocrx_word' id='word_1_122' title='bbox 909 924 1046 960; x_wconf 91' lang='lat' dir='ltr'>eodem</span> <span class='ocrx_word' id='word_1_123' title='bbox 1064 924 1128 960; x_wconf 89' lang='lat' dir='ltr'>die</span> <span class='ocrx_word' id='word_1_124' title='bbox 1151 933 1193 959; x_wconf 89' lang='lat'>12</span> <span class='ocrx_word' id='word_1_125' title='bbox 1212 925 1448 960; x_wconf 83' lang='lat' dir='ltr'>Novembris</span> <span class='ocrx_word' id='word_1_126' title='bbox 1474 931 1655 960; x_wconf 82' lang='lat' dir='ltr'>exaratae</span> <span class='ocrx_word' id='word_1_127' title='bbox 1679 931 1788 961; x_wconf 89' lang='lat' dir='ltr'>sunt.</span> <span class='ocrx_word' id='word_1_128' title='bbox 1812 924 1933 971; x_wconf 79' lang='lat' dir='ltr'>Quid-</span> 
     </span>
     <span class='ocr_line' id='line_1_15' title="bbox 299 981 1932 1031; baseline 0.002 -15"><span class='ocrx_word' id='word_1_129' title='bbox 299 981 390 1027; x_wconf 83' lang='lat' dir='ltr'>quid</span> <span class='ocrx_word' id='word_1_130' title='bbox 410 981 474 1027; x_wconf 91' lang='lat' dir='ltr'>sit,</span> <span class='ocrx_word' id='word_1_131' title='bbox 491 982 530 1017; x_wconf 89' lang='lat' dir='ltr'>in</span> <span class='ocrx_word' id='word_1_132' title='bbox 546 982 794 1018; x_wconf 85' lang='lat' dir='ltr'>versionibus</span> <span class='ocrx_word' id='word_1_133' title='bbox 812 984 1064 1030; x_wconf 89' lang='lat' dir='ltr'>epistolarum</span> <span class='ocrx_word' id='word_1_134' title='bbox 1083 983 1129 1020; x_wconf 88' lang='lat' dir='ltr'>S.</span> <span class='ocrx_word' id='word_1_135' title='bbox 1154 984 1366 1030; x_wconf 89' lang='lat' dir='ltr'>Francisci,</span> <span class='ocrx_word' id='word_1_136' title='bbox 1392 991 1528 1031; x_wconf 89' lang='lat' dir='ltr'>utpote</span> <span class='ocrx_word' id='word_1_137' title='bbox 1551 984 1734 1031; x_wconf 89' lang='lat' dir='ltr'>repetitio</span> <span class='ocrx_word' id='word_1_138' title='bbox 1757 984 1932 1030; x_wconf 85' lang='lat' dir='ltr'>ejusdem</span> 
     </span>
     <span class='ocr_line' id='line_1_16' title="bbox 300 1041 873 1085; baseline 0.005 -10"><span class='ocrx_word' id='word_1_139' title='bbox 300 1041 370 1085; x_wconf 90' lang='lat' dir='ltr'>rei,</span> <span class='ocrx_word' id='word_1_140' title='bbox 391 1041 548 1076; x_wconf 89' lang='lat' dir='ltr'>omnino</span> <span class='ocrx_word' id='word_1_141' title='bbox 567 1042 784 1077; x_wconf 86' lang='lat' dir='ltr'>omittenda</span> <span class='ocrx_word' id='word_1_142' title='bbox 799 1051 873 1078; x_wconf 83' lang='lat' dir='ltr'>est.</span> 
     </span>
    </p>

    <p class='ocr_par' dir='ltr' id='par_1_12' title="bbox 299 1100 1934 1208">
     <span class='ocr_line' id='line_1_17' title="bbox 370 1100 1934 1150; baseline 0.002 -15"><span class='ocrx_word' id='word_1_143' title='bbox 370 1101 440 1146; x_wconf 84' lang='lat' dir='ltr'>Ep.</span> <span class='ocrx_word' id='word_1_144' title='bbox 462 1113 503 1135; x_wconf 93' lang='lat' dir='ltr'>n.</span> <span class='ocrx_word' id='word_1_145' title='bbox 537 1100 662 1137; x_wconf 68' lang='lat'>1:313.</span> <span class='ocrx_word' id='word_1_146' title='bbox 718 1103 772 1138; x_wconf 92' lang='lat' dir='ltr'>Ut</span> <span class='ocrx_word' id='word_1_147' title='bbox 790 1102 829 1137; x_wconf 88' lang='lat' dir='ltr'>in</span> <span class='ocrx_word' id='word_1_148' title='bbox 848 1108 985 1138; x_wconf 87' lang='lat' dir='ltr'>annot.</span> <span class='ocrx_word' id='word_1_149' title='bbox 1013 1111 1026 1137; x_wconf 93' lang='lat'>1</span> <span class='ocrx_word' id='word_1_150' title='bbox 1049 1102 1206 1147; x_wconf 86' lang='lat' dir='ltr'>dicitur,</span> <span class='ocrx_word' id='word_1_151' title='bbox 1226 1105 1296 1139; x_wconf 88' lang='lat' dir='ltr'>abs</span> <span class='ocrx_word' id='word_1_152' title='bbox 1315 1103 1435 1138; x_wconf 92' lang='lat' dir='ltr'>dubio</span> <span class='ocrx_word' id='word_1_153' title='bbox 1453 1103 1723 1150; x_wconf 67' lang='lat' dir='ltr'>praecedentis</span> <span class='ocrx_word' id='word_1_154' title='bbox 1743 1103 1934 1150; x_wconf 90' lang='lat' dir='ltr'>epistolae</span> 
     </span>
     <span class='ocr_line' id='line_1_18' title="bbox 299 1159 1214 1208; baseline 0.005 -15"><span class='ocrx_word' id='word_1_155' title='bbox 299 1159 552 1194; x_wconf 67' lang='lat' dir='ltr'>summarium</span> <span class='ocrx_word' id='word_1_156' title='bbox 571 1166 645 1206; x_wconf 91' lang='lat' dir='ltr'>est,</span> <span class='ocrx_word' id='word_1_157' title='bbox 666 1161 831 1208; x_wconf 87' lang='lat' dir='ltr'>ideoque</span> <span class='ocrx_word' id='word_1_158' title='bbox 850 1162 1214 1208; x_wconf 81' lang='lat' dir='ltr'>praetermittenda.</span> 
     </span>
    </p>

    <p class='ocr_par' dir='ltr' id='par_1_13' title="bbox 369 1217 1933 1270">
     <span class='ocr_line' id='line_1_19' title="bbox 369 1217 1933 1270; baseline 0.004 -17"><span class='ocrx_word' id='word_1_159' title='bbox 369 1219 439 1265; x_wconf 89' lang='lat' dir='ltr'>Ep.</span> <span class='ocrx_word' id='word_1_160' title='bbox 461 1231 498 1254; x_wconf 91' lang='lat' dir='ltr'>n.</span> <span class='ocrx_word' id='word_1_161' title='bbox 522 1217 628 1254; x_wconf 70' lang='lat'>137.</span> <span class='ocrx_word' id='word_1_162' title='bbox 683 1221 769 1256; x_wconf 90' lang='lat' dir='ltr'>Una</span> <span class='ocrx_word' id='word_1_163' title='bbox 789 1226 849 1256; x_wconf 92' lang='lat' dir='ltr'>est</span> <span class='ocrx_word' id='word_1_164' title='bbox 868 1232 916 1256; x_wconf 86' lang='lat' dir='ltr'>ex</span> <span class='ocrx_word' id='word_1_165' title='bbox 937 1222 1132 1268; x_wconf 87' lang='lat' dir='ltr'>epistolis,</span> <span class='ocrx_word' id='word_1_166' title='bbox 1149 1233 1246 1269; x_wconf 91' lang='lat' dir='ltr'>quas</span> <span class='ocrx_word' id='word_1_167' title='bbox 1265 1222 1308 1257; x_wconf 90' lang='lat' dir='ltr'>P.</span> <span class='ocrx_word' id='word_1_168' title='bbox 1335 1222 1523 1269; x_wconf 91' lang='lat' dir='ltr'>Filipucci</span> <span class='ocrx_word' id='word_1_169' title='bbox 1548 1220 1650 1258; x_wconf 61' lang='lat' dir='ltr'>inter</span> <span class='ocrx_word' id='word_1_170' title='bbox 1673 1223 1834 1259; x_wconf 91' lang='lat' dir='ltr'>aliarum</span> <span class='ocrx_word' id='word_1_171' title='bbox 1853 1223 1933 1270; x_wconf 88' lang='lat' dir='ltr'>epi—</span> 
     </span>
    </p>
   </div>
   <div class='ocr_carea' id='block_1_10' title="bbox 297 1278 1997 1329">
    <p class='ocr_par' dir='ltr' id='par_1_14' title="bbox 297 1278 1997 1329">
     <span class='ocr_line' id='line_1_20' title="bbox 297 1278 1997 1329; baseline 0.004 -17"><span class='ocrx_word' id='word_1_172' title='bbox 297 1278 483 1313; x_wconf 89' lang='lat' dir='ltr'>stolarum</span> <span class='ocrx_word' id='word_1_173' title='bbox 502 1280 709 1314; x_wconf 89' lang='lat' dir='ltr'>summaria</span> <span class='ocrx_word' id='word_1_174' title='bbox 726 1281 892 1315; x_wconf 91' lang='lat' dir='ltr'>collocat</span> <span class='ocrx_word' id='word_1_175' title='bbox 909 1280 1016 1324; x_wconf 87' lang='lat' dir='ltr'>(vide</span> <span class='ocrx_word' id='word_1_176' title='bbox 1041 1281 1226 1328; x_wconf 87' lang='lat' dir='ltr'>Append.</span> <span class='ocrx_word' id='word_1_177' title='bbox 1256 1290 1288 1328; x_wconf 91' lang='lat'>1,</span> <span class='ocrx_word' id='word_1_178' title='bbox 1308 1293 1401 1329; x_wconf 87' lang='lat' dir='ltr'>pag.</span> <span class='ocrx_word' id='word_1_179' title='bbox 1433 1286 1536 1327; x_wconf 77' lang='lat'>947).</span> <span class='ocrx_word' id='word_1_180' title='bbox 1561 1282 1679 1319; x_wconf 87' lang='lat' dir='ltr'>Certe</span> <span class='ocrx_word' id='word_1_181' title='bbox 1706 1282 1800 1318; x_wconf 89' lang='lat' dir='ltr'>nihil</span> <span class='ocrx_word' id='word_1_182' title='bbox 1827 1282 1933 1318; x_wconf 87' lang='lat' dir='ltr'>aliud</span> <span class='ocrx_word' id='word_1_183' title='bbox 1994 1291 1997 1295; x_wconf 80' lang='grc'><em>’</em></span> 
     </span>
    </p>
   </div>
   <div class='ocr_carea' id='block_1_11' title="bbox 292 1338 1934 1923">
    <p class='ocr_par' dir='ltr' id='par_1_15' title="bbox 296 1338 1934 1444">
     <span class='ocr_line' id='line_1_21' title="bbox 296 1338 1934 1388; baseline 0.004 -17"><span class='ocrx_word' id='word_1_184' title='bbox 296 1342 370 1380; x_wconf 83' lang='lat' dir='ltr'>est,</span> <span class='ocrx_word' id='word_1_185' title='bbox 389 1348 504 1383; x_wconf 85' lang='lat' dir='ltr'>quam</span> <span class='ocrx_word' id='word_1_186' title='bbox 519 1338 707 1384; x_wconf 88' lang='lat' dir='ltr'>epistolae</span> <span class='ocrx_word' id='word_1_187' title='bbox 730 1338 795 1374; x_wconf 84' lang='lat'>138</span> <span class='ocrx_word' id='word_1_188' title='bbox 810 1351 913 1386; x_wconf 87' lang='lat' dir='ltr'>pars,</span> <span class='ocrx_word' id='word_1_189' title='bbox 934 1339 1024 1375; x_wconf 89' lang='lat' dir='ltr'>licet</span> <span class='ocrx_word' id='word_1_190' title='bbox 1039 1340 1174 1376; x_wconf 91' lang='lat' dir='ltr'>ordine</span> <span class='ocrx_word' id='word_1_191' title='bbox 1194 1346 1357 1384; x_wconf 87' lang='lat' dir='ltr'>mutato,</span> <span class='ocrx_word' id='word_1_192' title='bbox 1377 1340 1409 1376; x_wconf 86' lang='lat' dir='ltr'>si</span> <span class='ocrx_word' id='word_1_193' title='bbox 1428 1341 1591 1388; x_wconf 86' lang='lat' dir='ltr'>primam</span> <span class='ocrx_word' id='word_1_194' title='bbox 1610 1341 1811 1388; x_wconf 88' lang='lat' dir='ltr'>periodum</span> <span class='ocrx_word' id='word_1_195' title='bbox 1830 1341 1934 1377; x_wconf 87' lang='lat' dir='ltr'>exci-</span> 
     </span>
     <span class='ocr_line' id='line_1_22' title="bbox 301 1396 1030 1444; baseline 0.005 -14"><span class='ocrx_word' id='word_1_196' title='bbox 301 1396 397 1441; x_wconf 82' lang='lat' dir='ltr'>pias,</span> <span class='ocrx_word' id='word_1_197' title='bbox 417 1408 516 1443; x_wconf 91' lang='lat' dir='ltr'>quae</span> <span class='ocrx_word' id='word_1_198' title='bbox 537 1397 575 1432; x_wconf 89' lang='lat' dir='ltr'>in</span> <span class='ocrx_word' id='word_1_199' title='bbox 595 1409 656 1444; x_wconf 92' lang='lat' dir='ltr'>ep.</span> <span class='ocrx_word' id='word_1_200' title='bbox 681 1397 746 1433; x_wconf 86' lang='lat'>138</span> <span class='ocrx_word' id='word_1_201' title='bbox 773 1399 1030 1434; x_wconf 88' lang='lat' dir='ltr'>desideratur.</span> 
     </span>
    </p>

    <p class='ocr_par' dir='ltr' id='par_1_16' title="bbox 292 1456 1933 1858">
     <span class='ocr_line' id='line_1_23' title="bbox 368 1456 1933 1506; baseline 0.004 -15"><span class='ocrx_word' id='word_1_202' title='bbox 368 1457 468 1491; x_wconf 90' lang='lat' dir='ltr'>Doc.</span> <span class='ocrx_word' id='word_1_203' title='bbox 500 1468 544 1492; x_wconf 90' lang='lat' dir='ltr'>n.</span> <span class='ocrx_word' id='word_1_204' title='bbox 576 1456 692 1493; x_wconf 69' lang='lat'>15³3.</span> <span class='ocrx_word' id='word_1_205' title='bbox 750 1459 1036 1493; x_wconf 88' lang='lat' dir='ltr'>Documentum</span> <span class='ocrx_word' id='word_1_206' title='bbox 1056 1459 1128 1493; x_wconf 92' lang='lat' dir='ltr'>hoc</span> <span class='ocrx_word' id='word_1_207' title='bbox 1153 1470 1229 1494; x_wconf 91' lang='lat' dir='ltr'>non</span> <span class='ocrx_word' id='word_1_208' title='bbox 1248 1459 1405 1506; x_wconf 88' lang='lat' dir='ltr'>quidem</span> <span class='ocrx_word' id='word_1_209' title='bbox 1434 1459 1589 1495; x_wconf 89' lang='lat' dir='ltr'>videtur</span> <span class='ocrx_word' id='word_1_210' title='bbox 1607 1460 1671 1496; x_wconf 94' lang='lat' dir='ltr'>die</span> <span class='ocrx_word' id='word_1_211' title='bbox 1691 1469 1710 1505; x_wconf 86' lang='lat'><strong>5</strong></span> <span class='ocrx_word' id='word_1_212' title='bbox 1731 1461 1933 1497; x_wconf 90' lang='lat' dir='ltr'>Februarii</span> 
     </span>
     <span class='ocr_line' id='line_1_24' title="bbox 294 1514 1932 1566; baseline 0.004 -17"><span class='ocrx_word' id='word_1_213' title='bbox 294 1514 443 1559; x_wconf 86' lang='lat' dir='ltr'>datum,</span> <span class='ocrx_word' id='word_1_214' title='bbox 464 1521 505 1550; x_wconf 87' lang='lat' dir='ltr'>ut</span> <span class='ocrx_word' id='word_1_215' title='bbox 524 1516 578 1551; x_wconf 92' lang='lat' dir='ltr'>ibi</span> <span class='ocrx_word' id='word_1_216' title='bbox 597 1516 887 1552; x_wconf 90' lang='lat' dir='ltr'>subdubitando</span> <span class='ocrx_word' id='word_1_217' title='bbox 912 1517 1154 1564; x_wconf 88' lang='lat' dir='ltr'>scripsimus,</span> <span class='ocrx_word' id='word_1_218' title='bbox 1176 1518 1246 1553; x_wconf 89' lang='lat' dir='ltr'>sed</span> <span class='ocrx_word' id='word_1_219' title='bbox 1266 1530 1402 1554; x_wconf 87' lang='lat' dir='ltr'>mense</span> <span class='ocrx_word' id='word_1_220' title='bbox 1424 1519 1563 1566; x_wconf 83' lang='lat' dir='ltr'>Aprili.</span> <span class='ocrx_word' id='word_1_221' title='bbox 1584 1518 1684 1555; x_wconf 90' lang='lat' dir='ltr'>Vide</span> <span class='ocrx_word' id='word_1_222' title='bbox 1709 1531 1809 1566; x_wconf 87' lang='lat' dir='ltr'>quae</span> <span class='ocrx_word' id='word_1_223' title='bbox 1833 1519 1932 1556; x_wconf 84' lang='lat' dir='ltr'>dixi-</span> 
     </span>
     <span class='ocr_line' id='line_1_25' title="bbox 296 1575 1929 1626; baseline 0.004 -17"><span class='ocrx_word' id='word_1_224' title='bbox 296 1585 380 1609; x_wconf 90' lang='lat' dir='ltr'>mus</span> <span class='ocrx_word' id='word_1_225' title='bbox 399 1576 513 1621; x_wconf 90' lang='lat' dir='ltr'>paulo</span> <span class='ocrx_word' id='word_1_226' title='bbox 531 1575 725 1622; x_wconf 89' lang='lat' dir='ltr'>superius,</span> <span class='ocrx_word' id='word_1_227' title='bbox 743 1587 833 1612; x_wconf 90' lang='lat' dir='ltr'>cum</span> <span class='ocrx_word' id='word_1_228' title='bbox 857 1576 906 1612; x_wconf 91' lang='lat' dir='ltr'>de</span> <span class='ocrx_word' id='word_1_229' title='bbox 932 1588 993 1623; x_wconf 92' lang='lat' dir='ltr'>ep.</span> <span class='ocrx_word' id='word_1_230' title='bbox 1023 1576 1090 1612; x_wconf 86' lang='lat'>103</span> <span class='ocrx_word' id='word_1_231' title='bbox 1113 1576 1187 1612; x_wconf 78' lang='lat' dir='ltr'>fuit</span> <span class='ocrx_word' id='word_1_232' title='bbox 1209 1589 1350 1622; x_wconf 84' lang='lat' dir='ltr'>sermo3</span> <span class='ocrx_word' id='word_1_233' title='bbox 1378 1578 1586 1626; x_wconf 73' lang='lat' dir='ltr'>praecipua</span> <span class='ocrx_word' id='word_1_234' title='bbox 1609 1579 1713 1615; x_wconf 87' lang='lat' dir='ltr'>enim</span> <span class='ocrx_word' id='word_1_235' title='bbox 1737 1579 1849 1626; x_wconf 87' lang='lat' dir='ltr'>ratio,</span> <span class='ocrx_word' id='word_1_236' title='bbox 1875 1580 1929 1616; x_wconf 91' lang='lat' dir='ltr'>ibi</span> 
     </span>
     <span class='ocr_line' id='line_1_26' title="bbox 294 1634 1931 1685; baseline 0.004 -17"><span class='ocrx_word' id='word_1_237' title='bbox 294 1644 362 1679; x_wconf 92' lang='lat' dir='ltr'>pro</span> <span class='ocrx_word' id='word_1_238' title='bbox 388 1634 459 1669; x_wconf 83' lang='lat' dir='ltr'>hoe</span> <span class='ocrx_word' id='word_1_239' title='bbox 483 1634 719 1670; x_wconf 87' lang='lat' dir='ltr'>documento</span> <span class='ocrx_word' id='word_1_240' title='bbox 743 1637 874 1682; x_wconf 89' lang='lat' dir='ltr'>allata,</span> <span class='ocrx_word' id='word_1_241' title='bbox 902 1636 980 1671; x_wconf 91' lang='lat' dir='ltr'>vim</span> <span class='ocrx_word' id='word_1_242' title='bbox 1011 1641 1118 1672; x_wconf 84' lang='lat' dir='ltr'>certe</span> <span class='ocrx_word' id='word_1_243' title='bbox 1144 1638 1275 1673; x_wconf 88' lang='lat' dir='ltr'>habet:</span> <span class='ocrx_word' id='word_1_244' title='bbox 1309 1637 1365 1673; x_wconf 93' lang='lat' dir='ltr'>illi</span> <span class='ocrx_word' id='word_1_245' title='bbox 1396 1638 1553 1685; x_wconf 91' lang='lat' dir='ltr'>quidem</span> <span class='ocrx_word' id='word_1_246' title='bbox 1585 1650 1661 1674; x_wconf 89' lang='lat' dir='ltr'>non</span> <span class='ocrx_word' id='word_1_247' title='bbox 1693 1639 1931 1676; x_wconf 89' lang='lat' dir='ltr'>adhaerebat</span> 
     </span>
     <span class='ocr_line' id='line_1_27' title="bbox 294 1694 1930 1745; baseline 0.005 -18"><span class='ocrx_word' id='word_1_248' title='bbox 294 1698 476 1739; x_wconf 88' lang='lat' dir='ltr'>tanquam</span> <span class='ocrx_word' id='word_1_249' title='bbox 506 1694 660 1740; x_wconf 84' lang='lat' dir='ltr'>hijuela</span> <span class='ocrx_word' id='word_1_250' title='bbox 685 1707 755 1730; x_wconf 88' lang='lat' dir='ltr'>seu</span> <span class='ocrx_word' id='word_1_251' title='bbox 774 1695 940 1743; x_wconf 89' lang='lat' dir='ltr'>epistola</span> <span class='ocrx_word' id='word_1_252' title='bbox 965 1695 1163 1742; x_wconf 81' lang='lat' dir='ltr'>adjuncta,</span> <span class='ocrx_word' id='word_1_253' title='bbox 1187 1697 1334 1732; x_wconf 90' lang='lat' dir='ltr'>etenim</span> <span class='ocrx_word' id='word_1_254' title='bbox 1366 1697 1405 1732; x_wconf 90' lang='lat' dir='ltr'>in</span> <span class='ocrx_word' id='word_1_255' title='bbox 1435 1709 1592 1745; x_wconf 86' lang='lat' dir='ltr'>paragr.</span> <span class='ocrx_word' id='word_1_256' title='bbox 1622 1708 1642 1734; x_wconf 87' lang='lat'><em>2</em></span> <span class='ocrx_word' id='word_1_257' title='bbox 1673 1699 1789 1745; x_wconf 85' lang='lat' dir='ltr'>hujus</span> <span class='ocrx_word' id='word_1_258' title='bbox 1812 1699 1930 1735; x_wconf 85' lang='lat' dir='ltr'>docu—</span> 
     </span>
     <span class='ocr_line' id='line_1_28' title="bbox 294 1753 1930 1806; baseline 0.006 -20"><span class='ocrx_word' id='word_1_259' title='bbox 294 1753 414 1788; x_wconf 90' lang='lat' dir='ltr'>menti</span> <span class='ocrx_word' id='word_1_260' title='bbox 433 1753 481 1788; x_wconf 89' lang='lat' dir='ltr'>de</span> <span class='ocrx_word' id='word_1_261' title='bbox 500 1753 564 1789; x_wconf 91' lang='lat' dir='ltr'>illa</span> <span class='ocrx_word' id='word_1_262' title='bbox 582 1754 747 1800; x_wconf 89' lang='lat' dir='ltr'>epistola</span> <span class='ocrx_word' id='word_1_263' title='bbox 767 1755 913 1791; x_wconf 90' lang='lat' dir='ltr'>mentio</span> <span class='ocrx_word' id='word_1_264' title='bbox 931 1755 1015 1790; x_wconf 86' lang='lat' dir='ltr'>fieri</span> <span class='ocrx_word' id='word_1_265' title='bbox 1035 1755 1203 1800; x_wconf 89' lang='lat' dir='ltr'>videtur,</span> <span class='ocrx_word' id='word_1_266' title='bbox 1218 1757 1545 1804; x_wconf 86' lang='lat' dir='ltr'>quemadmodum</span> <span class='ocrx_word' id='word_1_267' title='bbox 1570 1770 1700 1806; x_wconf 88' lang='lat' dir='ltr'>supra,</span> <span class='ocrx_word' id='word_1_268' title='bbox 1725 1758 1764 1794; x_wconf 88' lang='lat' dir='ltr'>in</span> <span class='ocrx_word' id='word_1_269' title='bbox 1783 1770 1820 1806; x_wconf 92' lang='lat' dir='ltr'>p.</span> <span class='ocrx_word' id='word_1_270' title='bbox 1841 1758 1930 1805; x_wconf 91' lang='lat'>890,</span> 
     </span>
     <span class='ocr_line' id='line_1_29' title="bbox 292 1812 775 1858; baseline 0.008 -13"><span class='ocrx_word' id='word_1_271' title='bbox 292 1817 424 1847; x_wconf 90' lang='lat' dir='ltr'>annot.</span> <span class='ocrx_word' id='word_1_272' title='bbox 445 1812 482 1858; x_wconf 89' lang='lat'>8,</span> <span class='ocrx_word' id='word_1_273' title='bbox 502 1812 775 1850; x_wconf 89' lang='lat' dir='ltr'>indicavimus.</span> 
     </span>
    </p>

    <p class='ocr_par' dir='ltr' id='par_1_17' title="bbox 366 1871 1563 1923">
     <span class='ocr_line' id='line_1_30' title="bbox 366 1871 1563 1923; baseline 0.005 -17"><span class='ocrx_word' id='word_1_274' title='bbox 366 1871 494 1918; x_wconf 84' lang='lat' dir='ltr'>Atque</span> <span class='ocrx_word' id='word_1_275' title='bbox 513 1874 608 1908; x_wconf 89' lang='lat' dir='ltr'>haec</span> <span class='ocrx_word' id='word_1_276' title='bbox 626 1873 674 1908; x_wconf 89' lang='lat' dir='ltr'>de</span> <span class='ocrx_word' id='word_1_277' title='bbox 692 1873 870 1920; x_wconf 87' lang='lat' dir='ltr'>epistolis</span> <span class='ocrx_word' id='word_1_278' title='bbox 884 1875 1084 1923; x_wconf 88' lang='lat' dir='ltr'>hucusque</span> <span class='ocrx_word' id='word_1_279' title='bbox 1099 1875 1216 1911; x_wconf 90' lang='lat' dir='ltr'>editis</span> <span class='ocrx_word' id='word_1_280' title='bbox 1230 1875 1334 1912; x_wconf 89' lang='lat' dir='ltr'>dicta</span> <span class='ocrx_word' id='word_1_281' title='bbox 1350 1877 1563 1912; x_wconf 88' lang='lat' dir='ltr'>sufficiant.</span> 
     </span>
    </p>
   </div>
   <div class='ocr_carea' id='block_1_12' title="bbox 291 2112 1932 2459">
    <p class='ocr_par' dir='ltr' id='par_1_18' title="bbox 291 2112 1932 2459">
     <span class='ocr_line' id='line_1_31' title="bbox 365 2112 1932 2163; baseline 0.004 -17"><span class='ocrx_word' id='word_1_282' title='bbox 365 2112 453 2147; x_wconf 89' lang='lat' dir='ltr'>Alia</span> <span class='ocrx_word' id='word_1_283' title='bbox 471 2112 636 2159; x_wconf 90' lang='lat' dir='ltr'>epistola</span> <span class='ocrx_word' id='word_1_284' title='bbox 654 2114 824 2150; x_wconf 88' lang='lat' dir='ltr'>Xaverio</span> <span class='ocrx_word' id='word_1_285' title='bbox 841 2113 1090 2154; x_wconf 75' lang='lat' dir='ltr'>adscribitur.</span> <span class='ocrx_word' id='word_1_286' title='bbox 1108 2126 1225 2162; x_wconf 90' lang='lat' dir='ltr'>quam</span> <span class='ocrx_word' id='word_1_287' title='bbox 1239 2127 1325 2161; x_wconf 88' lang='lat' dir='ltr'>nos,</span> <span class='ocrx_word' id='word_1_288' title='bbox 1345 2121 1482 2162; x_wconf 90' lang='lat' dir='ltr'>utpote</span> <span class='ocrx_word' id='word_1_289' title='bbox 1500 2115 1707 2152; x_wconf 86' lang='lat' dir='ltr'>evidenter</span> <span class='ocrx_word' id='word_1_290' title='bbox 1721 2117 1932 2163; x_wconf 91' lang='lat' dir='ltr'>suppositi-</span> 
     </span>
     <span class='ocr_line' id='line_1_32' title="bbox 293 2170 1931 2222; baseline 0.004 -17"><span class='ocrx_word' id='word_1_291' title='bbox 293 2170 400 2215; x_wconf 89' lang='lat' dir='ltr'>tiam,</span> <span class='ocrx_word' id='word_1_292' title='bbox 421 2171 522 2207; x_wconf 89' lang='lat' dir='ltr'>inter</span> <span class='ocrx_word' id='word_1_293' title='bbox 539 2172 724 2219; x_wconf 90' lang='lat' dir='ltr'>epistolas</span> <span class='ocrx_word' id='word_1_294' title='bbox 743 2173 920 2220; x_wconf 86' lang='lat' dir='ltr'>ejusdem</span> <span class='ocrx_word' id='word_1_295' title='bbox 939 2173 978 2210; x_wconf 87' lang='lat' dir='ltr'>in</span> <span class='ocrx_word' id='word_1_296' title='bbox 1003 2175 1197 2221; x_wconf 88' lang='lat' dir='ltr'>propriam</span> <span class='ocrx_word' id='word_1_297' title='bbox 1217 2174 1366 2221; x_wconf 88' lang='lat' dir='ltr'>sedem,</span> <span class='ocrx_word' id='word_1_298' title='bbox 1387 2181 1428 2211; x_wconf 88' lang='lat' dir='ltr'>ut</span> <span class='ocrx_word' id='word_1_299' title='bbox 1446 2175 1540 2210; x_wconf 92' lang='lat' dir='ltr'>ordo</span> <span class='ocrx_word' id='word_1_300' title='bbox 1558 2175 1743 2222; x_wconf 84' lang='lat' dir='ltr'>temporis</span> <span class='ocrx_word' id='word_1_301' title='bbox 1762 2177 1931 2222; x_wconf 87' lang='lat' dir='ltr'>postula-</span> 
     </span>
     <span class='ocr_line' id='line_1_33' title="bbox 294 2231 1929 2280; baseline 0.004 -16"><span class='ocrx_word' id='word_1_302' title='bbox 294 2231 375 2275; x_wconf 91' lang='lat' dir='ltr'>bat,</span> <span class='ocrx_word' id='word_1_303' title='bbox 394 2242 470 2266; x_wconf 90' lang='lat' dir='ltr'>non</span> <span class='ocrx_word' id='word_1_304' title='bbox 489 2231 731 2278; x_wconf 88' lang='lat' dir='ltr'>admisimus,</span> <span class='ocrx_word' id='word_1_305' title='bbox 750 2232 820 2268; x_wconf 91' lang='lat' dir='ltr'>sed</span> <span class='ocrx_word' id='word_1_306' title='bbox 839 2233 878 2269; x_wconf 90' lang='lat' dir='ltr'>in</span> <span class='ocrx_word' id='word_1_307' title='bbox 897 2238 1135 2280; x_wconf 88' lang='lat' dir='ltr'>postremum</span> <span class='ocrx_word' id='word_1_308' title='bbox 1155 2234 1256 2270; x_wconf 85' lang='lat' dir='ltr'>hunc</span> <span class='ocrx_word' id='word_1_309' title='bbox 1271 2235 1399 2270; x_wconf 92' lang='lat' dir='ltr'>locum</span> <span class='ocrx_word' id='word_1_310' title='bbox 1416 2235 1721 2270; x_wconf 88' lang='lat' dir='ltr'>reservavimus.</span> <span class='ocrx_word' id='word_1_311' title='bbox 1742 2235 1825 2270; x_wconf 90' lang='lat' dir='ltr'>Nec</span> <span class='ocrx_word' id='word_1_312' title='bbox 1842 2245 1929 2271; x_wconf 85' lang='lat' dir='ltr'>eam</span> 
     </span>
     <span class='ocr_line' id='line_1_34' title="bbox 294 2290 1930 2340; baseline 0.004 -16"><span class='ocrx_word' id='word_1_313' title='bbox 294 2300 395 2325; x_wconf 90' lang='lat' dir='ltr'>nunc</span> <span class='ocrx_word' id='word_1_314' title='bbox 410 2290 631 2337; x_wconf 88' lang='lat' dir='ltr'>ederemus,</span> <span class='ocrx_word' id='word_1_315' title='bbox 651 2291 726 2327; x_wconf 87' lang='lat' dir='ltr'>nisi</span> <span class='ocrx_word' id='word_1_316' title='bbox 744 2293 793 2328; x_wconf 91' lang='lat' dir='ltr'>ab</span> <span class='ocrx_word' id='word_1_317' title='bbox 812 2292 1001 2340; x_wconf 87' lang='lat' dir='ltr'>scriptore</span> <span class='ocrx_word' id='word_1_318' title='bbox 1021 2305 1097 2328; x_wconf 92' lang='lat' dir='ltr'>non</span> <span class='ocrx_word' id='word_1_319' title='bbox 1115 2293 1426 2329; x_wconf 89' lang='lat' dir='ltr'>contemnendae</span> <span class='ocrx_word' id='word_1_320' title='bbox 1443 2293 1545 2329; x_wconf 90' lang='lat' dir='ltr'>inter</span> <span class='ocrx_word' id='word_1_321' title='bbox 1563 2293 1751 2330; x_wconf 84' lang='lat' dir='ltr'>lusitanos</span> <span class='ocrx_word' id='word_1_322' title='bbox 1765 2295 1930 2330; x_wconf 80' lang='lat' dir='ltr'>auctori-</span> 
     </span>
     <span class='ocr_line' id='line_1_35' title="bbox 294 2349 1927 2401; baseline 0.004 -18"><span class='ocrx_word' id='word_1_323' title='bbox 294 2349 399 2393; x_wconf 90' lang='lat' dir='ltr'>tatis,</span> <span class='ocrx_word' id='word_1_324' title='bbox 419 2349 542 2396; x_wconf 91' lang='lat' dir='ltr'>ipsam</span> <span class='ocrx_word' id='word_1_325' title='bbox 573 2350 720 2386; x_wconf 89' lang='lat' dir='ltr'>laudari</span> <span class='ocrx_word' id='word_1_326' title='bbox 740 2351 976 2387; x_wconf 89' lang='lat' dir='ltr'>videremus.</span> <span class='ocrx_word' id='word_1_327' title='bbox 1006 2352 1234 2388; x_wconf 88' lang='lat' dir='ltr'>Desumitur</span> <span class='ocrx_word' id='word_1_328' title='bbox 1252 2364 1300 2387; x_wconf 87' lang='lat' dir='ltr'>ex</span> <span class='ocrx_word' id='word_1_329' title='bbox 1327 2353 1544 2401; x_wconf 83' lang='lat' dir='ltr'>Agiologio</span> <span class='ocrx_word' id='word_1_330' title='bbox 1574 2353 1780 2396; x_wconf 82' lang='lat' dir='ltr'>Lusitano,</span> <span class='ocrx_word' id='word_1_331' title='bbox 1798 2359 1832 2389; x_wconf 90' lang='lat' dir='ltr'>t.</span> <span class='ocrx_word' id='word_1_332' title='bbox 1856 2354 1927 2400; x_wconf 90' lang='lat' dir='ltr'>IV,</span> 
     </span>
     <span class='ocr_line' id='line_1_36' title="bbox 291 2408 1928 2459; baseline 0.004 -17"><span class='ocrx_word' id='word_1_333' title='bbox 291 2408 357 2453; x_wconf 90' lang='lat' dir='ltr'>qui</span> <span class='ocrx_word' id='word_1_334' title='bbox 376 2420 476 2444; x_wconf 90' lang='lat' dir='ltr'>unus</span> <span class='ocrx_word' id='word_1_335' title='bbox 503 2415 701 2446; x_wconf 87' lang='lat' dir='ltr'>auctorem</span> <span class='ocrx_word' id='word_1_336' title='bbox 715 2411 835 2446; x_wconf 87' lang='lat' dir='ltr'>habet</span> <span class='ocrx_word' id='word_1_337' title='bbox 851 2411 1067 2447; x_wconf 85' lang='lat' dir='ltr'>Antonium</span> <span class='ocrx_word' id='word_1_338' title='bbox 1085 2411 1260 2448; x_wconf 90' lang='lat' dir='ltr'>Caetano</span> <span class='ocrx_word' id='word_1_339' title='bbox 1278 2412 1327 2447; x_wconf 92' lang='lat' dir='ltr'>de</span> <span class='ocrx_word' id='word_1_340' title='bbox 1347 2412 1486 2458; x_wconf 91' lang='lat' dir='ltr'>Sousa,</span> <span class='ocrx_word' id='word_1_341' title='bbox 1504 2424 1572 2459; x_wconf 87' lang='lat' dir='ltr'>pp.</span> <span class='ocrx_word' id='word_1_342' title='bbox 1604 2411 1674 2457; x_wconf 83' lang='lat'>354</span> <span class='ocrx_word' id='word_1_343' title='bbox 1692 2418 1732 2448; x_wconf 91' lang='lat' dir='ltr'>et</span> <span class='ocrx_word' id='word_1_344' title='bbox 1749 2411 1831 2457; x_wconf 86' lang='lat'>355.</span> <span class='ocrx_word' id='word_1_345' title='bbox 1852 2413 1928 2449; x_wconf 88' lang='lat' dir='ltr'>Hic</span> 
     </span>
    </p>
   </div>
   <div class='ocr_carea' id='block_1_13' title="bbox 292 2467 2003 2519">
    <p class='ocr_par' dir='ltr' id='par_1_19' title="bbox 292 2467 2003 2519">
     <span class='ocr_line' id='line_1_37' title="bbox 292 2467 2003 2519; baseline 0.004 -17"><span class='ocrx_word' id='word_1_346' title='bbox 292 2467 498 2513; x_wconf 84' lang='lat' dir='ltr'>epistolam</span> <span class='ocrx_word' id='word_1_347' title='bbox 512 2469 639 2514; x_wconf 88' lang='lat' dir='ltr'>affert,</span> <span class='ocrx_word' id='word_1_348' title='bbox 657 2481 773 2517; x_wconf 90' lang='lat' dir='ltr'>quam</span> <span class='ocrx_word' id='word_1_349' title='bbox 791 2482 834 2506; x_wconf 88' lang='lat' dir='ltr'>se</span> <span class='ocrx_word' id='word_1_350' title='bbox 848 2470 994 2507; x_wconf 72' lang='lat' dir='ltr'>vidisse</span> <span class='ocrx_word' id='word_1_351' title='bbox 1014 2477 1194 2507; x_wconf 85' lang='lat' dir='ltr'>testatur:</span> <span class='ocrx_word' id='word_1_352' title='bbox 1212 2473 1296 2508; x_wconf 86' lang='lat' dir='ltr'>«Do</span> <span class='ocrx_word' id='word_1_353' title='bbox 1312 2472 1500 2519; x_wconf 88' lang='lat' dir='ltr'>Apostolo</span> <span class='ocrx_word' id='word_1_354' title='bbox 1513 2471 1563 2508; x_wconf 91' lang='lat' dir='ltr'>do</span> <span class='ocrx_word' id='word_1_355' title='bbox 1576 2471 1740 2509; x_wconf 88' lang='lat' dir='ltr'>Oriente</span> <span class='ocrx_word' id='word_1_356' title='bbox 1758 2472 1799 2508; x_wconf 94' lang='lat' dir='ltr'>S.</span> <span class='ocrx_word' id='word_1_357' title='bbox 1815 2472 1932 2508; x_wconf 87' lang='lat' dir='ltr'>Fran·</span> <span class='ocrx_word' id='word_1_358' title='bbox 1996 2504 2003 2512; x_wconf 87' lang='grc'>,</span> 
     </span>
    </p>
   </div>
   <div class='ocr_carea' id='block_1_14' title="bbox 292 2526 1986 2579">
    <p class='ocr_par' dir='ltr' id='par_1_20' title="bbox 292 2526 1986 2579">
     <span class='ocr_line' id='line_1_38' title="bbox 292 2526 1986 2579; baseline 0.004 -18"><span class='ocrx_word' id='word_1_359' title='bbox 292 2526 396 2562; x_wconf 84' lang='lat' dir='ltr'>cisco</span> <span class='ocrx_word' id='word_1_360' title='bbox 415 2528 560 2563; x_wconf 91' lang='lat' dir='ltr'>Xavier</span> <span class='ocrx_word' id='word_1_361' title='bbox 578 2528 702 2565; x_wconf 88' lang='lat' dir='ltr'>vimos</span> <span class='ocrx_word' id='word_1_362' title='bbox 716 2536 827 2565; x_wconf 90' lang='lat' dir='ltr'>outra</span> <span class='ocrx_word' id='word_1_363' title='bbox 841 2530 992 2577; x_wconf 84' lang='lat' dir='ltr'>[carta]‚</span> <span class='ocrx_word' id='word_1_364' title='bbox 1009 2536 1197 2578; x_wconf 92' lang='lat' dir='ltr'>supposto</span> <span class='ocrx_word' id='word_1_365' title='bbox 1211 2542 1287 2578; x_wconf 92' lang='lat' dir='ltr'>que</span> <span class='ocrx_word' id='word_1_366' title='bbox 1302 2530 1351 2566; x_wconf 92' lang='lat' dir='ltr'>de</span> <span class='ocrx_word' id='word_1_367' title='bbox 1368 2531 1633 2576; x_wconf 88' lang='lat' dir='ltr'>Amanuense,</span> <span class='ocrx_word' id='word_1_368' title='bbox 1648 2531 1828 2567; x_wconf 88' lang='lat' dir='ltr'>assinada</span> <span class='ocrx_word' id='word_1_369' title='bbox 1840 2533 1932 2579; x_wconf 86' lang='lat' dir='ltr'>pelo</span> <span class='ocrx_word' id='word_1_370' title='bbox 1983 2530 1986 2533; x_wconf 54' lang='lat'><strong>⁴</strong></span> 
     </span>
    </p>
   </div>
   <div class='ocr_carea' id='block_1_15' title="bbox 287 2584 1930 2992">
    <p class='ocr_par' dir='ltr' id='par_1_21' title="bbox 292 2584 1930 2695">
     <span class='ocr_line' id='line_1_39' title="bbox 292 2584 1930 2636; baseline 0.004 -16"><span class='ocrx_word' id='word_1_371' title='bbox 292 2584 482 2621; x_wconf 78' lang='lat' dir='ltr'>Samo...»</span> <span class='ocrx_word' id='word_1_372' title='bbox 502 2587 596 2633; x_wconf 86' lang='lat' dir='ltr'>Ejus</span> <span class='ocrx_word' id='word_1_373' title='bbox 626 2587 745 2624; x_wconf 88' lang='lat' dir='ltr'>etiam</span> <span class='ocrx_word' id='word_1_374' title='bbox 776 2590 1003 2625; x_wconf 86' lang='lat' dir='ltr'>mentionen</span> <span class='ocrx_word' id='word_1_375' title='bbox 1027 2589 1123 2625; x_wconf 79' lang='lat' dir='ltr'>facit</span> <span class='ocrx_word' id='word_1_376' title='bbox 1149 2589 1484 2634; x_wconf 73' lang='lat' dir='ltr'>SouMERVOGEL,</span> <span class='ocrx_word' id='word_1_377' title='bbox 1513 2590 1787 2636; x_wconf 60' lang='lat' dir='ltr'>Bibliotheque</span> <span class='ocrx_word' id='word_1_378' title='bbox 1809 2590 1857 2626; x_wconf 84' lang='lat' dir='ltr'>de</span> <span class='ocrx_word' id='word_1_379' title='bbox 1887 2591 1930 2626; x_wconf 84' lang='lat' dir='ltr'>la</span> 
     </span>
     <span class='ocr_line' id='line_1_40' title="bbox 295 2642 1161 2695; baseline 0.008 -18"><span class='ocrx_word' id='word_1_380' title='bbox 295 2642 541 2693; x_wconf 81' lang='lat' dir='ltr'>Compagnie</span> <span class='ocrx_word' id='word_1_381' title='bbox 559 2646 747 2693; x_wconf 66' lang='lat' dir='ltr'>dejesus‚</span> <span class='ocrx_word' id='word_1_382' title='bbox 769 2653 796 2683; x_wconf 90' lang='lat' dir='ltr'>t.</span> <span class='ocrx_word' id='word_1_383' title='bbox 817 2648 927 2695; x_wconf 91' lang='lat' dir='ltr'>VIII,</span> <span class='ocrx_word' id='word_1_384' title='bbox 945 2650 1025 2684; x_wconf 93' lang='lat' dir='ltr'>col.</span> <span class='ocrx_word' id='word_1_385' title='bbox 1053 2648 1161 2694; x_wconf 90' lang='lat'>1329.</span> 
     </span>
    </p>

    <p class='ocr_par' dir='ltr' id='par_1_22' title="bbox 287 2704 1929 2992">
     <span class='ocr_line' id='line_1_41' title="bbox 362 2704 1929 2754; baseline 0.003 -16"><span class='ocrx_word' id='word_1_386' title='bbox 362 2704 484 2739; x_wconf 91' lang='lat' dir='ltr'>Nobis</span> <span class='ocrx_word' id='word_1_387' title='bbox 503 2717 597 2741; x_wconf 92' lang='lat' dir='ltr'>vero</span> <span class='ocrx_word' id='word_1_388' title='bbox 615 2707 837 2754; x_wconf 87' lang='lat' dir='ltr'>apocrypha</span> <span class='ocrx_word' id='word_1_389' title='bbox 859 2709 1017 2743; x_wconf 88' lang='lat' dir='ltr'>omnino</span> <span class='ocrx_word' id='word_1_390' title='bbox 1042 2707 1212 2752; x_wconf 88' lang='lat' dir='ltr'>videtur,</span> <span class='ocrx_word' id='word_1_391' title='bbox 1245 2713 1327 2743; x_wconf 91' lang='lat' dir='ltr'>tum</span> <span class='ocrx_word' id='word_1_392' title='bbox 1347 2719 1396 2743; x_wconf 88' lang='lat' dir='ltr'>ex</span> <span class='ocrx_word' id='word_1_393' title='bbox 1427 2708 1613 2744; x_wconf 87' lang='lat' dir='ltr'>materiae</span> <span class='ocrx_word' id='word_1_394' title='bbox 1644 2706 1929 2754; x_wconf 85' lang='lat' dir='ltr'>magnitudine,</span> 
     </span>
     <span class='ocr_line' id='line_1_42' title="bbox 290 2763 1928 2814; baseline 0.002 -17"><span class='ocrx_word' id='word_1_395' title='bbox 290 2774 378 2797; x_wconf 90' lang='lat' dir='ltr'>cum</span> <span class='ocrx_word' id='word_1_396' title='bbox 397 2763 449 2798; x_wconf 89' lang='lat' dir='ltr'>D.</span> <span class='ocrx_word' id='word_1_397' title='bbox 474 2764 715 2801; x_wconf 89' lang='lat' dir='ltr'>Theotonius</span> <span class='ocrx_word' id='word_1_398' title='bbox 733 2766 933 2802; x_wconf 86' lang='lat' dir='ltr'>sexdecim</span> <span class='ocrx_word' id='word_1_399' title='bbox 952 2772 1104 2802; x_wconf 90' lang='lat' dir='ltr'>tantum</span> <span class='ocrx_word' id='word_1_400' title='bbox 1129 2778 1252 2802; x_wconf 88' lang='lat' dir='ltr'>annos</span> <span class='ocrx_word' id='word_1_401' title='bbox 1278 2773 1518 2812; x_wconf 88' lang='lat' dir='ltr'>numeraret,</span> <span class='ocrx_word' id='word_1_402' title='bbox 1544 2773 1624 2803; x_wconf 89' lang='lat' dir='ltr'>tum</span> <span class='ocrx_word' id='word_1_403' title='bbox 1643 2778 1694 2802; x_wconf 85' lang='lat' dir='ltr'>ex</span> <span class='ocrx_word' id='word_1_404' title='bbox 1719 2766 1804 2814; x_wconf 83' lang='lat' dir='ltr'>ipso</span> <span class='ocrx_word' id='word_1_405' title='bbox 1821 2766 1928 2811; x_wconf 83' lang='lat' dir='ltr'>stilo,</span> 
     </span>
     <span class='ocr_line' id='line_1_43' title="bbox 289 2821 1927 2873; baseline 0.003 -18"><span class='ocrx_word' id='word_1_406' title='bbox 289 2821 355 2868; x_wconf 91' lang='lat' dir='ltr'>qui</span> <span class='ocrx_word' id='word_1_407' title='bbox 373 2832 394 2856; x_wconf 92' lang='lat' dir='ltr'>a</span> <span class='ocrx_word' id='word_1_408' title='bbox 413 2823 632 2860; x_wconf 89' lang='lat' dir='ltr'>Xaveriano</span> <span class='ocrx_word' id='word_1_409' title='bbox 651 2824 860 2871; x_wconf 89' lang='lat' dir='ltr'>plurimum</span> <span class='ocrx_word' id='word_1_410' title='bbox 883 2825 1029 2870; x_wconf 82' lang='lat' dir='ltr'>differt,</span> <span class='ocrx_word' id='word_1_411' title='bbox 1055 2832 1138 2862; x_wconf 89' lang='lat' dir='ltr'>tum</span> <span class='ocrx_word' id='word_1_412' title='bbox 1162 2825 1320 2862; x_wconf 89' lang='lat' dir='ltr'>demum</span> <span class='ocrx_word' id='word_1_413' title='bbox 1347 2826 1438 2873; x_wconf 89' lang='lat' dir='ltr'>quia</span> <span class='ocrx_word' id='word_1_414' title='bbox 1464 2827 1513 2862; x_wconf 93' lang='lat' dir='ltr'>D.</span> <span class='ocrx_word' id='word_1_415' title='bbox 1546 2825 1779 2868; x_wconf 88' lang='lat' dir='ltr'>Theotonio,</span> <span class='ocrx_word' id='word_1_416' title='bbox 1805 2825 1927 2860; x_wconf 87' lang='lat' dir='ltr'>archi·</span> 
     </span>
     <span class='ocr_line' id='line_1_44' title="bbox 289 2879 1927 2932; baseline 0.003 -18"><span class='ocrx_word' id='word_1_417' title='bbox 289 2879 486 2928; x_wconf 89' lang='lat' dir='ltr'>episcopo,</span> <span class='ocrx_word' id='word_1_418' title='bbox 505 2881 729 2919; x_wconf 88' lang='lat' dir='ltr'>inscribitur</span> <span class='ocrx_word' id='word_1_419' title='bbox 747 2895 848 2921; x_wconf 88' lang='lat' dir='ltr'>anno</span> <span class='ocrx_word' id='word_1_420' title='bbox 869 2885 975 2932; x_wconf 87' lang='lat'>1546,</span> <span class='ocrx_word' id='word_1_421' title='bbox 993 2896 1083 2921; x_wconf 90' lang='lat' dir='ltr'>cum</span> <span class='ocrx_word' id='word_1_422' title='bbox 1101 2885 1178 2930; x_wconf 90' lang='lat' dir='ltr'>hic,</span> <span class='ocrx_word' id='word_1_423' title='bbox 1203 2893 1245 2921; x_wconf 90' lang='lat'>12</span> <span class='ocrx_word' id='word_1_424' title='bbox 1264 2885 1371 2932; x_wconf 88' lang='lat' dir='ltr'>Junii</span> <span class='ocrx_word' id='word_1_425' title='bbox 1398 2892 1487 2930; x_wconf 79' lang='lat'>¹549</span> <span class='ocrx_word' id='word_1_426' title='bbox 1511 2884 1751 2921; x_wconf 85' lang='lat' dir='ltr'>Societatem</span> <span class='ocrx_word' id='word_1_427' title='bbox 1769 2884 1864 2930; x_wconf 88' lang='lat' dir='ltr'>Jesu</span> <span class='ocrx_word' id='word_1_428' title='bbox 1884 2889 1927 2920; x_wconf 89' lang='lat' dir='ltr'>ut</span> 
     </span>
     <span class='ocr_line' id='line_1_45' title="bbox 287 2937 1924 2992; baseline 0.002 -19"><span class='ocrx_word' id='word_1_429' title='bbox 287 2937 408 2975; x_wconf 84' lang='lat' dir='ltr'>frater</span> <span class='ocrx_word' id='word_1_430' title='bbox 436 2941 692 2979; x_wconf 86' lang='lat' dir='ltr'>scholasticus</span> <span class='ocrx_word' id='word_1_431' title='bbox 727 2942 945 2989; x_wconf 85' lang='lat' dir='ltr'>ingressus,</span> <span class='ocrx_word' id='word_1_432' title='bbox 971 2945 1022 2980; x_wconf 88' lang='lat' dir='ltr'>ab</span> <span class='ocrx_word' id='word_1_433' title='bbox 1045 2955 1093 2980; x_wconf 86' lang='lat' dir='ltr'>ea</span> <span class='ocrx_word' id='word_1_434' title='bbox 1116 2950 1254 2992; x_wconf 87' lang='lat' dir='ltr'>postea</span> <span class='ocrx_word' id='word_1_435' title='bbox 1279 2943 1483 2990; x_wconf 84' lang='lat' dir='ltr'>deficiens,</span> <span class='ocrx_word' id='word_1_436' title='bbox 1507 2943 1661 2980; x_wconf 83' lang='lat' dir='ltr'>nonnisi</span> <span class='ocrx_word' id='word_1_437' title='bbox 1686 2942 1828 2989; x_wconf 88' lang='lat' dir='ltr'>viginti</span> <span class='ocrx_word' id='word_1_438' title='bbox 1854 2954 1924 2978; x_wconf 89' lang='lat' dir='ltr'>sex</span> 
     </span>
    </p>
   </div>
  </div>
 </body>
</html>
