2018 3510
569 231 704 265 EPIST.
732 229 862 274 93.—5
890 229 1134 264 NovEMBms
1165 237 1254 274 1549
1608 228 1676 274 643

100 343 167 372 co.
195 331 233 372 Y
255 334 350 382 vos,
378 331 583 374 Valtasar
604 332 737 387 Gago
759 346 788 386 y
810 330 1059 386 Domingos
1082 331 1332 382 Caravallo,
1357 345 1414 374 en
1432 330 1472 373 61
1489 330 1606 386 viaje
1624 338 1715 374 ter-

100 409 210 461 ncys
232 406 481 462 obidiencia
503 411 528 450 6
550 409 717 451 Mestre
739 409 935 464 Gaspar‚
960 408 1016 450 (16
1043 422 1163 462 quya
1192 406 1436 463 prudencia
1464 423 1493 463 y
1521 408 1715 451 vmildad

99 497 256 538 espero
277 498 366 538 que
389 488 514 528 terne
535 485 657 528 buen
678 486 883 540 cuydado
905 485 961 527 (16
983 483 1160 539 qunplir
1176 484 1216 527 61
1235 485 1295 526 tal
1313 498 1464 539 cargo.
1486 485 1526 526 Y
1544 499 1714 539 porque

99 574 157 601 no
180 573 330 616 pongo
351 560 470 603 duda
491 575 548 604 en
571 568 751 604 vuestra
772 561 948 613 venida,
974 575 1055 617 por
1076 575 1267 615 conoccr
1289 576 1345 603 cn
1366 567 1570 603 vosotros
1590 567 1712 604 tanta

99 635 329 691 prontitud
351 637 407 680 (16
429 637 576 680 {mimo
598 653 703 694 para
725 639 944 692 obedcccr
965 654 993 694 y
1015 639 1150 680 hazcr
1177 636 1394 692 sacrificio
1425 637 1482 679 (16
1509 644 1714 680 vuestras

97 711 223 755 vidas
244 727 326 769 por
347 728 470 756 amor
491 714 547 758 (16
570 716 716 770 aqucl,
743 730 830 770 que
853 715 1044 771 primero
1066 729 1147 770 por
1169 721 1375 757 nosotros
1392 728 1506 770 puso
1521 714 1565 756 16
1581 728 1708 769 suya,

96 804 156 832 no
178 789 285 846 digo
307 794 401 832 mais
423 791 478 833 (16
500 798 668 847 quanto
690 792 890 847 aguardo
912 807 992 848 por
1014 798 1217 834 vosotros
1245 806 1330 834 con
1359 792 1553 834 muneha
1580 806 1710 847 espe—

95 881 228 921 ranca
249 880 337 922 que
358 882 440 910 nos
456 868 638 923 juntara
658 868 769 911 Dios
798 885 850 913 en
881 876 999 912 estas
1027 875 1190 924 partes.
1226 871 1262 912 F
1265 868 1436 911 irmado
1464 883 1545 924 por
1576 883 1708 911 mano

95 942 222 987 desto
242 950 424 986 vuestro
447 959 504 988 en
526 945 674 988 Cristo
697 946 901 988 carisimo
918 947 1147 988 hermano.

181 1021 251 1064 De
273 1021 553 1077 Cangoxima
582 1026 608 1065 6
629 1036 771 1078 cyneo
793 1023 849 1067 (16
871 1023 1142 1078 Novyenbrc
1159 1023 1215 1066 (16
1238 1022 1314 1064 mil
1335 1038 1363 1078 y
1386 1021 1657 1078 quynicntos
1677 1037 1707 1077 y

93 1103 310 1152 quarente
330 1112 360 1153 y
382 1112 530 1142 nuevc
552 1106 678 1151 anos,

540 1173 840 1233 [FRANC1sco]
877 1179 908 1219 ⁵.

751 1271 757 1289 V

327 1329 582 1386 Inscriptio.
609 1289 892 1386 Obidiiehcya
923 1345 1029 1386 para
1057 1329 1139 1388 [los
1164 1331 1347 1389 Padres]

650 1409 816 1452 Mestre
837 1408 1027 1463 Gaspar,
1053 1405 1271 1465 [Baltasar
1294 1408 1441 1466 Gago]

559 1499 584 1528 6
606 1485 856 1541 Domingos
878 1483 1143 1542 CarauaUho
1161 1486 1217 1528 (16
1240 1485 1281 1527 16
1303 1485 1455 1543 Com-J

555 1565 688 1617 pafiia
709 1562 766 1606 (16
788 1564 898 1619 Jesu
925 1575 982 1604 en

557 1640 599 1683 16
623 1639 782 1683 Yndia.

176 1714 347 1757 Eadem
370 1730 534 1759 manus
555 1732 607 1759 ac
628 1717 954 1772 inscriptionis.
982 1717 1065 1760 Del
1091 1717 1234 1759 padre
1258 1717 1425 1760 Mestre
1441 1717 1476 1758 F
1479 1714 1694 1758 rancisco.

855 1906 937 1946 93

116 1994 209 2037 ΡΡ.
245 1996 457 2040 PAULO
489 1998 762 2041 CAMERTI
794 1997 872 2039 ET
903 1997 1187 2039 ANTONIO
1220 1996 1448 2048 GOMES,
1484 1995 1668 2038 GOAM

482 2091 762 2148 Cangoxima
786 2102 808 2146 5
833 2089 1106 2135 Novembris
1134 2100 1243 2146 1549
1270 2091 1298 2132 ¹.

85 2183 266 2227 Litteras,
285 2186 424 2231 quibus
441 2187 586 2222 certior
592 2186 671 2232 fiat
689 2187 735 2221 de
753 2185 951 2220 laboribus
968 2187 1004 2220 et
1022 2184 1159 2227 fructu
1177 2185 1372 2219 sociorum
1388 2186 1472 2218 tam
1491 2183 1598 2219 Goae
1617 2186 1702 2218 tum

153 2244 248 2279 aliis
266 2245 310 2279 in
327 2245 519 2287 domibus,
538 2246 613 2280 sibi
634 2246 742 2281 mitti
759 2245 1111 2292 postulat—Quot
1129 2244 1311 2278 venerint
1334 2255 1353 2278 e
1375 2243 1586 2278 Lusitania
1608 2244 1705 2278 socii

154 2315 382 2350 cognoscere
404 2306 740 2352 exoptat-Bene
769 2306 1030 2339 instruantur
1053 2304 1097 2338 in
1121 2303 1286 2349 collegio
1314 2301 1452 2337 Goano
1469 2303 1642 2337 sinenses
1666 2304 1702 2336 et

143 2361 328 2409 japonici
344 2364 889 2408 adolescentes.—Qaaedam
907 2361 1038 2408 officia
1055 2362 1224 2397 diversis
1245 2362 1359 2396 sociis
1382 2361 1629 2397 commendat
1638 2381 1700 2399 „—

155 2422 283 2457 Pueri
305 2425 341 2458 et
369 2424 475 2459 servi
503 2424 686 2470 apprime
715 2421 1098 2458 doceantzir.—Dao
1128 2421 1267 2462 bonzii,
1294 2421 1363 2466 qai
1387 2420 1588 2455 Malacam
1608 2422 1700 2466 per-

150 2484 269 2527 gunt,
287 2483 323 2517 si
339 2483 437 2518 illuc
445 2482 559 2528 forte
572 2482 844 2529 pervenerint,
863 2492 1014 2527 magna
1032 2491 1121 2514 cam
1136 2479 1403 2514 berte-volentia
1422 2479 1694 2525 excipiantur.

172 2566 237 2609 La
263 2565 415 2622 gracia
441 2581 470 2622 y
492 2569 615 2609 am'or
636 2566 691 2608 (16
718 2562 898 2607 Christo
927 2569 1110 2606 nuestro
1138 2563 1283 2606 Sefior
1309 2576 1385 2605 sea
1417 2561 1608 2618 siempre
1639 2576 1695 2605 6η

88 2648 265 2686 vuestro
289 2643 414 2685 fabor
435 2658 464 2698 y
486 2642 633 2698 ajuda.
660 2642 822 2684 Amcn.

173 2731 209 2762 Ι.
273 2720 333 2764 Se
355 2725 479 2762 tanta
500 2719 756 2773 lembranca
777 2715 920 2761 teneis
941 2717 998 2761 (16
1019 2719 1078 2759 mi
1101 2723 1268 2772 quanta
1295 2731 1353 2772 yo
1376 2716 1530 2772 tiengo
1558 2715 1693 2760 siem-

150 2860 164 2880 ⁵
213 2860 400 2896 Abscissa
417 2866 477 2897 est
493 2862 638 2904 charta,
658 2865 697 2895 et
715 2859 828 2894 simul
846 2870 933 2894 cum
957 2858 1242 2905 subscriptione
1269 2858 1540 2905 disparuerunt
1567 2869 1612 2892 ea
1639 2856 1694 2893 in-

12 2935 15 2937 ·
85 2917 301 2965 scriptionis
319 2921 452 2966 verba,
471 2932 570 2967 quae
588 2919 687 2955 inter
710 2917 871 2954 uncinos
893 2917 1138 2954 clauduntur.
1169 2917 1412 2964 Subscriptio
1437 2922 1586 2952 tantum
1613 2921 1695 2952 erat

87 2975 132 3012 S.
154 2978 183 3012 F
185 2978 349 3014 rancisci
367 2991 480 3015 manu
499 2984 667 3015 exarata.

156 3035 168 3057 ¹
217 3038 275 3081 Ex
292 3039 374 3086 cod.
394 3038 511 3082 Mac.,
533 3038 572 3074 ff.
593 3039 636 3083 56
654 3050 679 3073 v
697 3042 736 3073 et
757 3036 966 3082 57.—Vide
984 3036 1146 3083 SOUZA,
1170 3037 1332 3080 Oriente
1350 3048 1482 3087 conq„
1505 3037 1556 3071 1.¹
1573 3040 1672 3087 part.
1685 3064 1696 3079 ‚
