<?xml version="1.0" encoding="UTF-8"?>
<!DOCTYPE html PUBLIC "-//W3C//DTD XHTML 1.0 Transitional//EN"
    "http://www.w3.org/TR/xhtml1/DTD/xhtml1-transitional.dtd">
<html xmlns="http://www.w3.org/1999/xhtml" xml:lang="en" lang="en">
 <head>
  <title>
</title>
<meta http-equiv="Content-Type" content="text/html;charset=utf-8" />
  <meta name='ocr-system' content='tesseract 3.04.00' />
  <meta name='ocr-capabilities' content='ocr_page ocr_carea ocr_par ocr_line ocrx_word'/>
</head>
<body>
  <div class='ocr_page' id='page_1' title='image "./monumentaxaveria1601fran_1058.png"; bbox 0 0 2049 3360; ppageno 0'>
   <div class='ocr_carea' id='block_1_1' title="bbox 298 159 1343 197">
    <p class='ocr_par' dir='ltr' id='par_1_1' title="bbox 298 159 1343 197">
     <span class='ocr_line' id='line_1_1' title="bbox 298 159 1343 197; baseline -0.004 0"><span class='ocrx_word' id='word_1_1' title='bbox 298 162 388 197; x_wconf 91' lang='lat'>1018</span> <span class='ocrx_word' id='word_1_2' title='bbox 792 160 1064 196; x_wconf 81' lang='lat' dir='ltr'><strong>MONUMENTA</strong></span> <span class='ocrx_word' id='word_1_3' title='bbox 1092 159 1343 194; x_wconf 79' lang='lat' dir='ltr'><strong>XAVERIANA</strong></span> 
     </span>
    </p>
   </div>
   <div class='ocr_carea' id='block_1_2' title="bbox 241 258 1876 1848">
    <p class='ocr_par' dir='ltr' id='par_1_2' title="bbox 246 258 1875 486">
     <span class='ocr_line' id='line_1_2' title="bbox 246 258 1875 309; baseline 0 -13"><span class='ocrx_word' id='word_1_4' title='bbox 246 263 356 309; x_wconf 87' lang='lat' dir='ltr'>Pag.</span> <span class='ocrx_word' id='word_1_5' title='bbox 383 271 467 308; x_wconf 88' lang='grc'><strong><em>237,</em></strong></span> <span class='ocrx_word' id='word_1_6' title='bbox 483 265 620 298; x_wconf 81' lang='lat' dir='ltr'>annot.</span> <span class='ocrx_word' id='word_1_7' title='bbox 652 271 684 306; x_wconf 90' lang='lat'>1,</span> <span class='ocrx_word' id='word_1_8' title='bbox 704 260 894 297; x_wconf 85' lang='lat' dir='ltr'>addantur</span> <span class='ocrx_word' id='word_1_9' title='bbox 924 261 998 295; x_wconf 89' lang='lat' dir='ltr'>sub</span> <span class='ocrx_word' id='word_1_10' title='bbox 1027 258 1145 294; x_wconf 89' lang='lat' dir='ltr'>finem</span> <span class='ocrx_word' id='word_1_11' title='bbox 1170 259 1285 306; x_wconf 91' lang='lat' dir='ltr'>hujus</span> <span class='ocrx_word' id='word_1_12' title='bbox 1315 259 1592 306; x_wconf 82' lang='lat' dir='ltr'>annotationis,</span> <span class='ocrx_word' id='word_1_13' title='bbox 1617 260 1655 296; x_wconf 91' lang='lat' dir='ltr'>in</span> <span class='ocrx_word' id='word_1_14' title='bbox 1673 271 1765 307; x_wconf 87' lang='lat' dir='ltr'>pag.</span> <span class='ocrx_word' id='word_1_15' title='bbox 1792 260 1875 307; x_wconf 85' lang='lat'>238,</span> 
     </span>
     <span class='ocr_line' id='line_1_3' title="bbox 318 318 1874 368; baseline -0.001 -12"><span class='ocrx_word' id='word_1_16' title='bbox 318 321 533 368; x_wconf 87' lang='lat' dir='ltr'>sequentia:</span> <span class='ocrx_word' id='word_1_17' title='bbox 553 322 669 357; x_wconf 84' lang='lat' dir='ltr'>Extat</span> <span class='ocrx_word' id='word_1_18' title='bbox 687 320 792 355; x_wconf 91' lang='lat' dir='ltr'>aliud</span> <span class='ocrx_word' id='word_1_19' title='bbox 811 319 1032 365; x_wconf 82' lang='lat' dir='ltr'>exemplum</span> <span class='ocrx_word' id='word_1_20' title='bbox 1052 318 1089 353; x_wconf 90' lang='lat' dir='ltr'>in</span> <span class='ocrx_word' id='word_1_21' title='bbox 1108 318 1335 354; x_wconf 91' lang='lat' dir='ltr'>Residentia</span> <span class='ocrx_word' id='word_1_22' title='bbox 1359 319 1514 354; x_wconf 92' lang='lat' dir='ltr'>Palensi</span> <span class='ocrx_word' id='word_1_23' title='bbox 1531 319 1659 365; x_wconf 89' lang='lat' dir='ltr'>(Pau),</span> <span class='ocrx_word' id='word_1_24' title='bbox 1678 319 1717 354; x_wconf 93' lang='lat' dir='ltr'>in</span> <span class='ocrx_word' id='word_1_25' title='bbox 1735 319 1874 365; x_wconf 84' lang='lat' dir='ltr'>Gallia,</span> 
     </span>
     <span class='ocr_line' id='line_1_4' title="bbox 314 377 1874 428; baseline -0.001 -12"><span class='ocrx_word' id='word_1_26' title='bbox 314 380 417 428; x_wconf 92' lang='lat' dir='ltr'>quod</span> <span class='ocrx_word' id='word_1_27' title='bbox 445 380 531 416; x_wconf 87' lang='lat' dir='ltr'>fuse</span> <span class='ocrx_word' id='word_1_28' title='bbox 548 379 735 415; x_wconf 86' lang='lat' dir='ltr'>describit</span> <span class='ocrx_word' id='word_1_29' title='bbox 753 379 797 414; x_wconf 88' lang='lat' dir='ltr'>P.</span> <span class='ocrx_word' id='word_1_30' title='bbox 823 377 951 423; x_wconf 81' lang='lat' dir='ltr'>CROS,</span> <span class='ocrx_word' id='word_1_31' title='bbox 973 378 1089 413; x_wconf 81' lang='lat' dir='ltr'>saint</span> <span class='ocrx_word' id='word_1_32' title='bbox 1117 378 1311 428; x_wconf 61' lang='lat' dir='ltr'>Franqois</span> <span class='ocrx_word' id='word_1_33' title='bbox 1333 379 1380 413; x_wconf 85' lang='lat' dir='ltr'>de</span> <span class='ocrx_word' id='word_1_34' title='bbox 1405 378 1574 414; x_wconf 82' lang='lat' dir='ltr'>Xavier.</span> <span class='ocrx_word' id='word_1_35' title='bbox 1606 378 1661 413; x_wconf 87' lang='lat' dir='ltr'>Sa</span> <span class='ocrx_word' id='word_1_36' title='bbox 1685 379 1746 414; x_wconf 83' lang='lat' dir='ltr'>vie</span> <span class='ocrx_word' id='word_1_37' title='bbox 1764 382 1801 414; x_wconf 84' lang='lat' dir='ltr'>et</span> <span class='ocrx_word' id='word_1_38' title='bbox 1816 390 1874 414; x_wconf 86' lang='lat' dir='ltr'>ses</span> 
     </span>
     <span class='ocr_line' id='line_1_5' title="bbox 319 438 854 486; baseline -0.004 -12"><span class='ocrx_word' id='word_1_39' title='bbox 319 441 466 481; x_wconf 84' lang='lat' dir='ltr'>lettres,</span> <span class='ocrx_word' id='word_1_40' title='bbox 487 445 513 474; x_wconf 90' lang='lat' dir='ltr'>t.</span> <span class='ocrx_word' id='word_1_41' title='bbox 535 440 566 483; x_wconf 90' lang='lat'>1,</span> <span class='ocrx_word' id='word_1_42' title='bbox 585 451 649 486; x_wconf 89' lang='lat' dir='ltr'>pp.</span> <span class='ocrx_word' id='word_1_43' title='bbox 670 438 854 485; x_wconf 84' lang='lat' dir='ltr'>xlij-xliv.</span> 
     </span>
    </p>

    <p class='ocr_par' dir='ltr' id='par_1_3' title="bbox 245 498 972 546">
     <span class='ocr_line' id='line_1_6' title="bbox 245 498 972 546; baseline -0.004 -12"><span class='ocrx_word' id='word_1_44' title='bbox 245 500 350 546; x_wconf 85' lang='lat' dir='ltr'>Pag.</span> <span class='ocrx_word' id='word_1_45' title='bbox 369 508 459 543; x_wconf 86' lang='lat'><em>245,</em></span> <span class='ocrx_word' id='word_1_46' title='bbox 477 500 555 534; x_wconf 80' lang='lat' dir='ltr'>lin.</span> <span class='ocrx_word' id='word_1_47' title='bbox 579 507 612 538; x_wconf 89' lang='grc' dir='ltr'><strong><em>Ι,</em></strong></span> <span class='ocrx_word' id='word_1_48' title='bbox 636 506 741 544; x_wconf 80' lang='lat'>1540,</span> <span class='ocrx_word' id='word_1_49' title='bbox 760 498 845 545; x_wconf 84' lang='lat' dir='ltr'>lege</span> <span class='ocrx_word' id='word_1_50' title='bbox 867 504 972 541; x_wconf 84' lang='lat'>1541.</span> 
     </span>
    </p>

    <p class='ocr_par' dir='ltr' id='par_1_4' title="bbox 246 554 864 605">
     <span class='ocr_line' id='line_1_7' title="bbox 246 554 864 605; baseline -0.002 -12"><span class='ocrx_word' id='word_1_51' title='bbox 246 554 350 605; x_wconf 84' lang='lat' dir='ltr'>Pag.</span> <span class='ocrx_word' id='word_1_52' title='bbox 371 567 453 602; x_wconf 86' lang='lat'><em>251,</em></span> <span class='ocrx_word' id='word_1_53' title='bbox 473 559 550 593; x_wconf 84' lang='lat' dir='ltr'>lin.</span> <span class='ocrx_word' id='word_1_54' title='bbox 575 568 616 602; x_wconf 87' lang='lat'>4,</span> <span class='ocrx_word' id='word_1_55' title='bbox 637 558 682 603; x_wconf 86' lang='lat' dir='ltr'>E,</span> <span class='ocrx_word' id='word_1_56' title='bbox 701 558 787 604; x_wconf 83' lang='lat' dir='ltr'>Iege</span> <span class='ocrx_word' id='word_1_57' title='bbox 806 557 864 592; x_wconf 88' lang='lat' dir='ltr'>El.</span> 
     </span>
    </p>

    <p class='ocr_par' dir='ltr' id='par_1_5' title="bbox 246 614 1718 664">
     <span class='ocr_line' id='line_1_8' title="bbox 246 614 1718 664; baseline -0.001 -13"><span class='ocrx_word' id='word_1_58' title='bbox 246 617 351 664; x_wconf 86' lang='lat' dir='ltr'>Pag.</span> <span class='ocrx_word' id='word_1_59' title='bbox 371 626 459 661; x_wconf 82' lang='lat'><em>254,</em></span> <span class='ocrx_word' id='word_1_60' title='bbox 479 620 617 652; x_wconf 86' lang='lat' dir='ltr'>annot.</span> <span class='ocrx_word' id='word_1_61' title='bbox 637 617 674 658; x_wconf 91' lang='grc'><strong><em>8,</em></strong></span> <span class='ocrx_word' id='word_1_62' title='bbox 695 626 874 651; x_wconf 89' lang='lat' dir='ltr'>commun</span> <span class='ocrx_word' id='word_1_63' title='bbox 893 615 1135 662; x_wconf 87' lang='lat' dir='ltr'>Guardafuy‚</span> <span class='ocrx_word' id='word_1_64' title='bbox 1155 616 1239 662; x_wconf 84' lang='lat' dir='ltr'>lege</span> <span class='ocrx_word' id='word_1_65' title='bbox 1256 626 1453 650; x_wconf 87' lang='lat' dir='ltr'>commun.</span> <span class='ocrx_word' id='word_1_66' title='bbox 1479 614 1718 661; x_wconf 86' lang='lat' dir='ltr'>Guardafuy.</span> 
     </span>
    </p>

    <p class='ocr_par' dir='ltr' id='par_1_6' title="bbox 242 674 1874 900">
     <span class='ocr_line' id='line_1_9' title="bbox 242 674 1874 721; baseline 0.001 -13"><span class='ocrx_word' id='word_1_67' title='bbox 242 675 348 721; x_wconf 85' lang='lat' dir='ltr'>Pag.</span> <span class='ocrx_word' id='word_1_68' title='bbox 370 675 460 719; x_wconf 84' lang='lat'><em>264,</em></span> <span class='ocrx_word' id='word_1_69' title='bbox 479 675 720 711; x_wconf 87' lang='lat' dir='ltr'>annotationi</span> <span class='ocrx_word' id='word_1_70' title='bbox 734 682 815 720; x_wconf 68' lang='lat'>4²0</span> <span class='ocrx_word' id='word_1_71' title='bbox 832 674 1029 709; x_wconf 85' lang='lat' dir='ltr'>addantur</span> <span class='ocrx_word' id='word_1_72' title='bbox 1047 674 1264 721; x_wconf 88' lang='lat' dir='ltr'>sequentia:</span> <span class='ocrx_word' id='word_1_73' title='bbox 1297 675 1345 709; x_wconf 91' lang='lat' dir='ltr'>P.</span> <span class='ocrx_word' id='word_1_74' title='bbox 1376 675 1630 710; x_wconf 88' lang='lat' dir='ltr'>Sebastianus</span> <span class='ocrx_word' id='word_1_75' title='bbox 1654 675 1874 721; x_wconf 70' lang='lat' dir='ltr'>Goncalves</span> 
     </span>
     <span class='ocr_line' id='line_1_10' title="bbox 312 733 1868 780; baseline 0.001 -12"><span class='ocrx_word' id='word_1_76' title='bbox 312 734 352 768; x_wconf 92' lang='lat' dir='ltr'>in</span> <span class='ocrx_word' id='word_1_77' title='bbox 378 735 550 775; x_wconf 87' lang='lat' dir='ltr'>Historia</span> <span class='ocrx_word' id='word_1_78' title='bbox 568 734 611 770; x_wconf 89' lang='lat' dir='ltr'>S.</span> <span class='ocrx_word' id='word_1_79' title='bbox 638 736 673 780; x_wconf 91' lang='lat' dir='ltr'>J.</span> <span class='ocrx_word' id='word_1_80' title='bbox 695 734 734 769; x_wconf 90' lang='lat' dir='ltr'>in</span> <span class='ocrx_word' id='word_1_81' title='bbox 759 733 868 769; x_wconf 92' lang='lat' dir='ltr'>India</span> <span class='ocrx_word' id='word_1_82' title='bbox 893 734 1032 769; x_wconf 89' lang='lat' dir='ltr'>asserit</span> <span class='ocrx_word' id='word_1_83' title='bbox 1061 734 1250 769; x_wconf 90' lang='lat' dir='ltr'>Didacum</span> <span class='ocrx_word' id='word_1_84' title='bbox 1274 734 1322 769; x_wconf 91' lang='lat' dir='ltr'>de</span> <span class='ocrx_word' id='word_1_85' title='bbox 1343 735 1469 769; x_wconf 86' lang='lat' dir='ltr'>Borba</span> <span class='ocrx_word' id='word_1_86' title='bbox 1499 734 1723 780; x_wconf 85' lang='lat' dir='ltr'>religiosum</span> <span class='ocrx_word' id='word_1_87' title='bbox 1742 733 1790 771; x_wconf 91' lang='lat' dir='ltr'>O.</span> <span class='ocrx_word' id='word_1_88' title='bbox 1824 733 1868 769; x_wconf 89' lang='lat' dir='ltr'>S.</span> 
     </span>
     <span class='ocr_line' id='line_1_11' title="bbox 313 791 1873 841; baseline -0.001 -12"><span class='ocrx_word' id='word_1_89' title='bbox 313 794 379 828; x_wconf 90' lang='lat' dir='ltr'>Fr.</span> <span class='ocrx_word' id='word_1_90' title='bbox 404 793 538 838; x_wconf 81' lang='lat' dir='ltr'>fuisse3</span> <span class='ocrx_word' id='word_1_91' title='bbox 565 794 634 829; x_wconf 93' lang='lat' dir='ltr'>sed</span> <span class='ocrx_word' id='word_1_92' title='bbox 652 806 673 829; x_wconf 94' lang='lat' dir='ltr'>a</span> <span class='ocrx_word' id='word_1_93' title='bbox 694 793 887 839; x_wconf 88' lang='lat' dir='ltr'>religiosis</span> <span class='ocrx_word' id='word_1_94' title='bbox 899 793 1023 837; x_wconf 73' lang='lat' dir='ltr'>votis,</span> <span class='ocrx_word' id='word_1_95' title='bbox 1039 791 1152 828; x_wconf 82' lang='lat' dir='ltr'>Sedis</span> <span class='ocrx_word' id='word_1_96' title='bbox 1172 793 1420 841; x_wconf 82' lang='lat' dir='ltr'>Apostolicae</span> <span class='ocrx_word' id='word_1_97' title='bbox 1439 793 1685 839; x_wconf 89' lang='lat' dir='ltr'>auctoritate,</span> <span class='ocrx_word' id='word_1_98' title='bbox 1705 794 1873 828; x_wconf 89' lang='lat' dir='ltr'>solutum</span> 
     </span>
     <span class='ocr_line' id='line_1_12' title="bbox 314 851 1378 900; baseline 0.001 -13"><span class='ocrx_word' id='word_1_99' title='bbox 314 851 449 897; x_wconf 74' lang='lat' dir='ltr'>fuisse,</span> <span class='ocrx_word' id='word_1_100' title='bbox 470 853 690 900; x_wconf 87' lang='lat' dir='ltr'>priusquam</span> <span class='ocrx_word' id='word_1_101' title='bbox 710 853 748 888; x_wconf 92' lang='lat' dir='ltr'>in</span> <span class='ocrx_word' id='word_1_102' title='bbox 767 852 916 888; x_wconf 89' lang='lat' dir='ltr'>Indiam</span> <span class='ocrx_word' id='word_1_103' title='bbox 934 852 1161 888; x_wconf 86' lang='lat' dir='ltr'>orientalem</span> <span class='ocrx_word' id='word_1_104' title='bbox 1180 858 1378 899; x_wconf 89' lang='lat' dir='ltr'>pergeret.</span> 
     </span>
    </p>

    <p class='ocr_par' dir='ltr' id='par_1_7' title="bbox 245 911 1876 1019">
     <span class='ocr_line' id='line_1_13' title="bbox 245 911 1876 959; baseline 0 -13"><span class='ocrx_word' id='word_1_105' title='bbox 245 912 353 959; x_wconf 83' lang='lat' dir='ltr'>Pag.</span> <span class='ocrx_word' id='word_1_106' title='bbox 372 914 456 957; x_wconf 97' lang='grc'><strong><em>276,</em></strong></span> <span class='ocrx_word' id='word_1_107' title='bbox 476 917 564 958; x_wconf 92' lang='lat' dir='ltr'>post</span> <span class='ocrx_word' id='word_1_108' title='bbox 581 913 743 959; x_wconf 88' lang='lat' dir='ltr'>primam</span> <span class='ocrx_word' id='word_1_109' title='bbox 762 912 962 959; x_wconf 90' lang='lat' dir='ltr'>periodum</span> <span class='ocrx_word' id='word_1_110' title='bbox 987 912 1248 947; x_wconf 88' lang='lat' dir='ltr'>annotationis</span> <span class='ocrx_word' id='word_1_111' title='bbox 1272 922 1308 958; x_wconf 87' lang='lat'>4,</span> <span class='ocrx_word' id='word_1_112' title='bbox 1333 911 1495 946; x_wconf 90' lang='lat' dir='ltr'>addatur</span> <span class='ocrx_word' id='word_1_113' title='bbox 1511 912 1597 946; x_wconf 89' lang='lat' dir='ltr'>hoc:</span> <span class='ocrx_word' id='word_1_114' title='bbox 1627 912 1711 946; x_wconf 83' lang='lat' dir='ltr'>«vel</span> <span class='ocrx_word' id='word_1_115' title='bbox 1738 911 1876 947; x_wconf 87' lang='lat' dir='ltr'>melius</span> 
     </span>
     <span class='ocr_line' id='line_1_14' title="bbox 314 970 722 1019; baseline 0.005 -14"><span class='ocrx_word' id='word_1_116' title='bbox 314 970 494 1013; x_wconf 84' lang='lat' dir='ltr'>fortasse,</span> <span class='ocrx_word' id='word_1_117' title='bbox 514 973 722 1019; x_wconf 84' lang='lat' dir='ltr'>indigno».</span> 
     </span>
    </p>

    <p class='ocr_par' dir='ltr' id='par_1_8' title="bbox 243 1029 1204 1078">
     <span class='ocr_line' id='line_1_15' title="bbox 243 1029 1204 1078; baseline 0.001 -14"><span class='ocrx_word' id='word_1_118' title='bbox 243 1031 350 1078; x_wconf 87' lang='lat' dir='ltr'>Pag.</span> <span class='ocrx_word' id='word_1_119' title='bbox 369 1039 452 1075; x_wconf 85' lang='lat'><em>277,</em></span> <span class='ocrx_word' id='word_1_120' title='bbox 471 1034 609 1067; x_wconf 84' lang='lat' dir='ltr'>annot.</span> <span class='ocrx_word' id='word_1_121' title='bbox 629 1041 663 1074; x_wconf 88' lang='lat'>2,</span> <span class='ocrx_word' id='word_1_122' title='bbox 685 1031 725 1066; x_wconf 93' lang='lat' dir='ltr'>in</span> <span class='ocrx_word' id='word_1_123' title='bbox 743 1042 804 1078; x_wconf 91' lang='lat' dir='ltr'>ep.</span> <span class='ocrx_word' id='word_1_124' title='bbox 824 1029 884 1076; x_wconf 85' lang='lat'>34,</span> <span class='ocrx_word' id='word_1_125' title='bbox 903 1032 988 1078; x_wconf 83' lang='lat' dir='ltr'>lege</span> <span class='ocrx_word' id='word_1_126' title='bbox 1007 1031 1045 1066; x_wconf 92' lang='lat' dir='ltr'>in</span> <span class='ocrx_word' id='word_1_127' title='bbox 1064 1042 1125 1077; x_wconf 91' lang='lat' dir='ltr'>ep.</span> <span class='ocrx_word' id='word_1_128' title='bbox 1146 1029 1204 1075; x_wconf 86' lang='lat'>35.</span> 
     </span>
    </p>

    <p class='ocr_par' dir='ltr' id='par_1_9' title="bbox 243 1089 1235 1138">
     <span class='ocr_line' id='line_1_16' title="bbox 243 1089 1235 1138; baseline 0.001 -15"><span class='ocrx_word' id='word_1_129' title='bbox 243 1089 348 1137; x_wconf 85' lang='lat' dir='ltr'>Pag.</span> <span class='ocrx_word' id='word_1_130' title='bbox 367 1090 453 1134; x_wconf 83' lang='lat'><em>278,</em></span> <span class='ocrx_word' id='word_1_131' title='bbox 474 1091 551 1125; x_wconf 83' lang='lat' dir='ltr'>lin.</span> <span class='ocrx_word' id='word_1_132' title='bbox 574 1100 635 1132; x_wconf 88' lang='lat'>20,</span> <span class='ocrx_word' id='word_1_133' title='bbox 656 1092 744 1126; x_wconf 85' lang='lat' dir='ltr'>cod.</span> <span class='ocrx_word' id='word_1_134' title='bbox 764 1090 899 1134; x_wconf 64' lang='lat' dir='ltr'>Mad„</span> <span class='ocrx_word' id='word_1_135' title='bbox 919 1090 1003 1138; x_wconf 84' lang='lat' dir='ltr'>lege</span> <span class='ocrx_word' id='word_1_136' title='bbox 1021 1091 1108 1125; x_wconf 86' lang='lat' dir='ltr'>cod.</span> <span class='ocrx_word' id='word_1_137' title='bbox 1133 1089 1235 1124; x_wconf 86' lang='lat' dir='ltr'>Mac.</span> 
     </span>
    </p>

    <p class='ocr_par' dir='ltr' id='par_1_10' title="bbox 242 1144 1872 1313">
     <span class='ocr_line' id='line_1_17' title="bbox 242 1144 1872 1196; baseline 0.001 -14"><span class='ocrx_word' id='word_1_138' title='bbox 242 1144 347 1196; x_wconf 71' lang='lat' dir='ltr'>Pa‘g.</span> <span class='ocrx_word' id='word_1_139' title='bbox 368 1149 453 1193; x_wconf 86' lang='lat'><em>278,</em></span> <span class='ocrx_word' id='word_1_140' title='bbox 478 1153 618 1185; x_wconf 83' lang='lat' dir='ltr'>annot.</span> <span class='ocrx_word' id='word_1_141' title='bbox 643 1159 677 1191; x_wconf 91' lang='lat'>1,</span> <span class='ocrx_word' id='word_1_142' title='bbox 704 1149 893 1184; x_wconf 88' lang='lat' dir='ltr'>addantur</span> <span class='ocrx_word' id='word_1_143' title='bbox 923 1149 1139 1196; x_wconf 89' lang='lat' dir='ltr'>sequentia:</span> <span class='ocrx_word' id='word_1_144' title='bbox 1167 1148 1334 1194; x_wconf 83' lang='lat' dir='ltr'>Quoties</span> <span class='ocrx_word' id='word_1_145' title='bbox 1357 1148 1396 1183; x_wconf 89' lang='lat' dir='ltr'>in</span> <span class='ocrx_word' id='word_1_146' title='bbox 1420 1148 1736 1184; x_wconf 87' lang='lat' dir='ltr'>annotationibus</span> <span class='ocrx_word' id='word_1_147' title='bbox 1758 1148 1872 1194; x_wconf 81' lang='lat' dir='ltr'>hujus</span> 
     </span>
     <span class='ocr_line' id='line_1_18' title="bbox 313 1207 1872 1255; baseline 0 -13"><span class='ocrx_word' id='word_1_148' title='bbox 313 1208 501 1254; x_wconf 90' lang='lat' dir='ltr'>epistolae</span> <span class='ocrx_word' id='word_1_149' title='bbox 519 1209 662 1255; x_wconf 87' lang='lat' dir='ltr'>legitur</span> <span class='ocrx_word' id='word_1_150' title='bbox 680 1209 796 1250; x_wconf 71' lang='lat' dir='ltr'>Mat„</span> <span class='ocrx_word' id='word_1_151' title='bbox 822 1208 1119 1254; x_wconf 91' lang='lat' dir='ltr'>intelligendum</span> <span class='ocrx_word' id='word_1_152' title='bbox 1138 1213 1198 1243; x_wconf 90' lang='lat' dir='ltr'>est</span> <span class='ocrx_word' id='word_1_153' title='bbox 1223 1208 1442 1254; x_wconf 89' lang='lat' dir='ltr'>exemplum</span> <span class='ocrx_word' id='word_1_154' title='bbox 1461 1207 1564 1254; x_wconf 92' lang='lat' dir='ltr'>quod</span> <span class='ocrx_word' id='word_1_155' title='bbox 1583 1212 1690 1243; x_wconf 88' lang='lat' dir='ltr'>extat</span> <span class='ocrx_word' id='word_1_156' title='bbox 1713 1208 1872 1252; x_wconf 85' lang='lat' dir='ltr'>Matriti‚</span> 
     </span>
     <span class='ocr_line' id='line_1_19' title="bbox 312 1267 1541 1313; baseline 0 -11"><span class='ocrx_word' id='word_1_157' title='bbox 312 1267 351 1302; x_wconf 93' lang='lat' dir='ltr'>in</span> <span class='ocrx_word' id='word_1_158' title='bbox 369 1268 542 1303; x_wconf 87' lang='lat' dir='ltr'>Archivo</span> <span class='ocrx_word' id='word_1_159' title='bbox 559 1268 714 1304; x_wconf 79' lang='lat' dir='ltr'>Histor.</span> <span class='ocrx_word' id='word_1_160' title='bbox 735 1268 915 1308; x_wconf 62' lang='lat' dir='ltr'>Notion„</span> <span class='ocrx_word' id='word_1_161' title='bbox 936 1269 1016 1303; x_wconf 89' lang='lat' dir='ltr'>sala</span> <span class='ocrx_word' id='word_1_162' title='bbox 1033 1267 1102 1312; x_wconf 84' lang='lat'>8.·,</span> <span class='ocrx_word' id='word_1_163' title='bbox 1121 1278 1216 1302; x_wconf 90' lang='lat' dir='ltr'>arm.</span> <span class='ocrx_word' id='word_1_164' title='bbox 1235 1267 1291 1313; x_wconf 93' lang='lat'>18,</span> <span class='ocrx_word' id='word_1_165' title='bbox 1314 1275 1370 1312; x_wconf 77' lang='lat' dir='ltr'>la,</span> <span class='ocrx_word' id='word_1_166' title='bbox 1389 1268 1466 1313; x_wconf 90' lang='lat' dir='ltr'>leg.</span> <span class='ocrx_word' id='word_1_167' title='bbox 1487 1275 1541 1302; x_wconf 92' lang='grc'>11.</span> 
     </span>
    </p>

    <p class='ocr_par' dir='ltr' id='par_1_11' title="bbox 243 1325 1154 1374">
     <span class='ocr_line' id='line_1_20' title="bbox 243 1325 1154 1374; baseline 0.001 -14"><span class='ocrx_word' id='word_1_168' title='bbox 243 1325 351 1373; x_wconf 84' lang='lat' dir='ltr'>Pag.</span> <span class='ocrx_word' id='word_1_169' title='bbox 376 1335 464 1371; x_wconf 84' lang='lat'><em>279,</em></span> <span class='ocrx_word' id='word_1_170' title='bbox 484 1327 557 1362; x_wconf 83' lang='lat' dir='ltr'>lin.</span> <span class='ocrx_word' id='word_1_171' title='bbox 577 1331 669 1363; x_wconf 84' lang='lat' dir='ltr'>ante</span> <span class='ocrx_word' id='word_1_172' title='bbox 687 1328 786 1368; x_wconf 60' lang='lat' dir='ltr'>ult„</span> <span class='ocrx_word' id='word_1_173' title='bbox 813 1327 924 1369; x_wconf 76' lang='lat' dir='ltr'>Ult.²‚</span> <span class='ocrx_word' id='word_1_174' title='bbox 945 1328 1045 1374; x_wconf 84' lang='lat' dir='ltr'>lege,</span> <span class='ocrx_word' id='word_1_175' title='bbox 1072 1326 1154 1362; x_wconf 82' lang='lat' dir='ltr'>Ul.⁸</span> 
     </span>
    </p>

    <p class='ocr_par' dir='ltr' id='par_1_12' title="bbox 242 1384 1000 1434">
     <span class='ocr_line' id='line_1_21' title="bbox 242 1384 1000 1434; baseline 0.003 -15"><span class='ocrx_word' id='word_1_176' title='bbox 242 1384 347 1432; x_wconf 85' lang='lat' dir='ltr'>Pag.</span> <span class='ocrx_word' id='word_1_177' title='bbox 366 1386 455 1431; x_wconf 86' lang='grc'><strong><em>280,</em></strong></span> <span class='ocrx_word' id='word_1_178' title='bbox 474 1387 548 1421; x_wconf 82' lang='lat' dir='ltr'>lin.</span> <span class='ocrx_word' id='word_1_179' title='bbox 566 1396 631 1431; x_wconf 85' lang='lat'>24,</span> <span class='ocrx_word' id='word_1_180' title='bbox 658 1387 772 1428; x_wconf 75' lang='lat' dir='ltr'>Ult.²‚</span> <span class='ocrx_word' id='word_1_181' title='bbox 792 1387 891 1434; x_wconf 85' lang='lat' dir='ltr'>lege,</span> <span class='ocrx_word' id='word_1_182' title='bbox 919 1387 1000 1422; x_wconf 49' lang='lat' dir='ltr'>Ul)</span> 
     </span>
    </p>

    <p class='ocr_par' dir='ltr' id='par_1_13' title="bbox 242 1444 1874 1609">
     <span class='ocr_line' id='line_1_22' title="bbox 242 1444 1874 1492; baseline 0.001 -14"><span class='ocrx_word' id='word_1_183' title='bbox 242 1444 352 1492; x_wconf 83' lang='lat' dir='ltr'>Pag.</span> <span class='ocrx_word' id='word_1_184' title='bbox 376 1445 466 1490; x_wconf 90' lang='lat'><em>296,</em></span> <span class='ocrx_word' id='word_1_185' title='bbox 486 1445 648 1481; x_wconf 90' lang='lat' dir='ltr'>addatur</span> <span class='ocrx_word' id='word_1_186' title='bbox 671 1446 933 1482; x_wconf 87' lang='lat' dir='ltr'>annotationis</span> <span class='ocrx_word' id='word_1_187' title='bbox 960 1453 1038 1481; x_wconf 29' lang='lat' dir='ltr'>23ae</span> <span class='ocrx_word' id='word_1_188' title='bbox 1067 1445 1192 1481; x_wconf 89' lang='lat' dir='ltr'>lineae</span> <span class='ocrx_word' id='word_1_189' title='bbox 1209 1453 1290 1490; x_wconf 61' lang='grc' dir='ltr'>4.Μ</span> <span class='ocrx_word' id='word_1_190' title='bbox 1314 1445 1417 1492; x_wconf 89' lang='lat' dir='ltr'>quod</span> <span class='ocrx_word' id='word_1_191' title='bbox 1441 1445 1629 1492; x_wconf 88' lang='lat' dir='ltr'>sequitur:</span> <span class='ocrx_word' id='word_1_192' title='bbox 1657 1445 1874 1481; x_wconf 80' lang='lat' dir='ltr'>«consentit</span> 
     </span>
     <span class='ocr_line' id='line_1_23' title="bbox 311 1505 1872 1553; baseline 0.001 -15"><span class='ocrx_word' id='word_1_193' title='bbox 311 1505 399 1540; x_wconf 83' lang='lat' dir='ltr'>cod.</span> <span class='ocrx_word' id='word_1_194' title='bbox 424 1505 541 1539; x_wconf 87' lang='lat' dir='ltr'>Rom.</span> <span class='ocrx_word' id='word_1_195' title='bbox 566 1509 726 1553; x_wconf 62' lang='lat' dir='ltr'>apogr„</span> <span class='ocrx_word' id='word_1_196' title='bbox 755 1518 797 1541; x_wconf 89' lang='lat' dir='ltr'>n.</span> <span class='ocrx_word' id='word_1_197' title='bbox 829 1515 911 1550; x_wconf 82' lang='lat'>293»</span> <span class='ocrx_word' id='word_1_198' title='bbox 943 1506 1005 1541; x_wconf 91' lang='lat' dir='ltr'>cui</span> <span class='ocrx_word' id='word_1_199' title='bbox 1035 1505 1366 1540; x_wconf 82' lang='lat' dir='ltr'>adnumerandum</span> <span class='ocrx_word' id='word_1_200' title='bbox 1397 1510 1459 1540; x_wconf 90' lang='lat' dir='ltr'>est</span> <span class='ocrx_word' id='word_1_201' title='bbox 1488 1505 1605 1541; x_wconf 90' lang='lat' dir='ltr'>etiam</span> <span class='ocrx_word' id='word_1_202' title='bbox 1637 1506 1872 1552; x_wconf 86' lang='lat' dir='ltr'>exemplum,</span> 
     </span>
     <span class='ocr_line' id='line_1_24' title="bbox 309 1563 829 1609; baseline 0.004 -11"><span class='ocrx_word' id='word_1_203' title='bbox 309 1563 413 1609; x_wconf 92' lang='lat' dir='ltr'>quod</span> <span class='ocrx_word' id='word_1_204' title='bbox 432 1570 541 1599; x_wconf 87' lang='lat' dir='ltr'>extat</span> <span class='ocrx_word' id='word_1_205' title='bbox 560 1565 598 1600; x_wconf 91' lang='lat' dir='ltr'>in</span> <span class='ocrx_word' id='word_1_206' title='bbox 617 1566 705 1600; x_wconf 86' lang='lat' dir='ltr'>cod.</span> <span class='ocrx_word' id='word_1_207' title='bbox 732 1564 829 1600; x_wconf 83' lang='lat' dir='ltr'>Mat.</span> 
     </span>
    </p>

    <p class='ocr_par' dir='ltr' id='par_1_14' title="bbox 241 1622 1874 1848">
     <span class='ocr_line' id='line_1_25' title="bbox 241 1622 1873 1671; baseline 0.001 -15"><span class='ocrx_word' id='word_1_208' title='bbox 241 1622 346 1670; x_wconf 85' lang='lat' dir='ltr'>Pag.</span> <span class='ocrx_word' id='word_1_209' title='bbox 380 1632 464 1668; x_wconf 83' lang='lat'><em>314,</em></span> <span class='ocrx_word' id='word_1_210' title='bbox 492 1623 531 1659; x_wconf 95' lang='lat' dir='ltr'>in</span> <span class='ocrx_word' id='word_1_211' title='bbox 555 1623 673 1670; x_wconf 92' lang='lat' dir='ltr'>linea,</span> <span class='ocrx_word' id='word_1_212' title='bbox 697 1636 796 1671; x_wconf 92' lang='lat' dir='ltr'>quae</span> <span class='ocrx_word' id='word_1_213' title='bbox 821 1623 1092 1659; x_wconf 87' lang='lat' dir='ltr'>annotationes</span> <span class='ocrx_word' id='word_1_214' title='bbox 1123 1624 1334 1671; x_wconf 89' lang='lat' dir='ltr'>praecedit,</span> <span class='ocrx_word' id='word_1_215' title='bbox 1361 1623 1514 1659; x_wconf 87' lang='lat' dir='ltr'>videtur</span> <span class='ocrx_word' id='word_1_216' title='bbox 1543 1623 1762 1659; x_wconf 88' lang='lat' dir='ltr'>addendum</span> <span class='ocrx_word' id='word_1_217' title='bbox 1786 1635 1873 1659; x_wconf 89' lang='lat' dir='ltr'>esse</span> 
     </span>
     <span class='ocr_line' id='line_1_26' title="bbox 312 1682 1874 1730; baseline 0.002 -15"><span class='ocrx_word' id='word_1_218' title='bbox 312 1683 473 1717; x_wconf 88' lang='lat' dir='ltr'>verbum</span> <span class='ocrx_word' id='word_1_219' title='bbox 495 1683 739 1729; x_wconf 76' lang='lat' dir='ltr'>‹«sobrinho»,</span> <span class='ocrx_word' id='word_1_220' title='bbox 758 1684 829 1718; x_wconf 94' lang='lat' dir='ltr'>hoc</span> <span class='ocrx_word' id='word_1_221' title='bbox 847 1683 974 1718; x_wconf 87' lang='lat' dir='ltr'>modo:</span> <span class='ocrx_word' id='word_1_222' title='bbox 992 1684 1105 1719; x_wconf 77' lang='lat' dir='ltr'>«hum</span> <span class='ocrx_word' id='word_1_223' title='bbox 1120 1683 1283 1719; x_wconf 91' lang='lat' dir='ltr'>reccado</span> <span class='ocrx_word' id='word_1_224' title='bbox 1300 1682 1427 1718; x_wconf 91' lang='lat' dir='ltr'>d&#39;este</span> <span class='ocrx_word' id='word_1_225' title='bbox 1446 1682 1640 1730; x_wconf 89' lang='lat' dir='ltr'>Principe,</span> <span class='ocrx_word' id='word_1_226' title='bbox 1659 1683 1874 1729; x_wconf 77' lang='lat' dir='ltr'>[sobrinhoj</span> 
     </span>
     <span class='ocr_line' id='line_1_27' title="bbox 310 1740 1872 1790; baseline 0.001 -14"><span class='ocrx_word' id='word_1_227' title='bbox 310 1740 358 1776; x_wconf 92' lang='lat' dir='ltr'>de</span> <span class='ocrx_word' id='word_1_228' title='bbox 389 1742 722 1788; x_wconf 88' lang='lat' dir='ltr'>Iniquitribirim».</span> <span class='ocrx_word' id='word_1_229' title='bbox 743 1743 843 1778; x_wconf 90' lang='lat' dir='ltr'>Vide</span> <span class='ocrx_word' id='word_1_230' title='bbox 873 1754 934 1790; x_wconf 91' lang='lat' dir='ltr'>ep.</span> <span class='ocrx_word' id='word_1_231' title='bbox 955 1741 1015 1788; x_wconf 86' lang='lat'>37,</span> <span class='ocrx_word' id='word_1_232' title='bbox 1039 1755 1077 1778; x_wconf 87' lang='lat' dir='ltr'>n.</span> <span class='ocrx_word' id='word_1_233' title='bbox 1098 1741 1134 1788; x_wconf 89' lang='lat'>3,</span> <span class='ocrx_word' id='word_1_234' title='bbox 1154 1743 1256 1778; x_wconf 91' lang='lat' dir='ltr'>unde</span> <span class='ocrx_word' id='word_1_235' title='bbox 1286 1742 1400 1778; x_wconf 82' lang='lat' dir='ltr'>facile</span> <span class='ocrx_word' id='word_1_236' title='bbox 1424 1742 1697 1789; x_wconf 89' lang='lat' dir='ltr'>comprobatur</span> <span class='ocrx_word' id='word_1_237' title='bbox 1727 1741 1872 1778; x_wconf 89' lang='lat' dir='ltr'>additio</span> 
     </span>
     <span class='ocr_line' id='line_1_28' title="bbox 309 1799 1873 1848; baseline 0.001 -13"><span class='ocrx_word' id='word_1_238' title='bbox 309 1799 424 1844; x_wconf 79' lang='lat' dir='ltr'>facta3</span> <span class='ocrx_word' id='word_1_239' title='bbox 444 1801 500 1836; x_wconf 91' lang='lat' dir='ltr'>sic</span> <span class='ocrx_word' id='word_1_240' title='bbox 518 1801 621 1837; x_wconf 85' lang='lat' dir='ltr'>enirn</span> <span class='ocrx_word' id='word_1_241' title='bbox 639 1802 706 1837; x_wconf 90' lang='lat' dir='ltr'>ait:</span> <span class='ocrx_word' id='word_1_242' title='bbox 727 1802 950 1838; x_wconf 84' lang='lat' dir='ltr'>«Vazei-me</span> <span class='ocrx_word' id='word_1_243' title='bbox 968 1814 990 1837; x_wconf 89' lang='lat' dir='ltr'>a</span> <span class='ocrx_word' id='word_1_244' title='bbox 1008 1803 1121 1838; x_wconf 88' lang='lat' dir='ltr'>saber</span> <span class='ocrx_word' id='word_1_245' title='bbox 1139 1814 1181 1837; x_wconf 93' lang='lat' dir='ltr'>se</span> <span class='ocrx_word' id='word_1_246' title='bbox 1199 1801 1250 1837; x_wconf 85' lang='lat' dir='ltr'>foi</span> <span class='ocrx_word' id='word_1_247' title='bbox 1270 1801 1438 1837; x_wconf 90' lang='lat' dir='ltr'>verdade</span> <span class='ocrx_word' id='word_1_248' title='bbox 1455 1813 1531 1848; x_wconf 91' lang='lat' dir='ltr'>que</span> <span class='ocrx_word' id='word_1_249' title='bbox 1548 1802 1641 1836; x_wconf 90' lang='lat' dir='ltr'>hum</span> <span class='ocrx_word' id='word_1_250' title='bbox 1659 1806 1873 1848; x_wconf 85' lang='lat' dir='ltr'>portuguez</span> 
     </span>
    </p>
   </div>
   <div class='ocr_carea' id='block_1_3' title="bbox 309 1860 1976 1913">
    <p class='ocr_par' dir='ltr' id='par_1_15' title="bbox 309 1860 1976 1913">
     <span class='ocr_line' id='line_1_29' title="bbox 309 1860 1976 1913; baseline 0.001 -19"><span class='ocrx_word' id='word_1_251' title='bbox 309 1860 424 1895; x_wconf 91' lang='lat' dir='ltr'>levou</span> <span class='ocrx_word' id='word_1_252' title='bbox 442 1861 534 1895; x_wconf 89' lang='lat' dir='ltr'>hum</span> <span class='ocrx_word' id='word_1_253' title='bbox 551 1860 681 1896; x_wconf 89' lang='lat' dir='ltr'>criado</span> <span class='ocrx_word' id='word_1_254' title='bbox 699 1861 738 1896; x_wconf 85' lang='lat' dir='ltr'>d&#39;</span> <span class='ocrx_word' id='word_1_255' title='bbox 757 1866 842 1896; x_wconf 92' lang='lat' dir='ltr'>este</span> <span class='ocrx_word' id='word_1_256' title='bbox 861 1861 1040 1908; x_wconf 86' lang='lat' dir='ltr'>Principe</span> <span class='ocrx_word' id='word_1_257' title='bbox 1060 1872 1176 1908; x_wconf 90' lang='lat' dir='ltr'>prezo</span> <span class='ocrx_word' id='word_1_258' title='bbox 1193 1862 1282 1896; x_wconf 80' lang='lat' dir='ltr'>athe</span> <span class='ocrx_word' id='word_1_259' title='bbox 1301 1860 1612 1904; x_wconf 83' lang='lat' dir='ltr'>Tutocurim...»;</span> <span class='ocrx_word' id='word_1_260' title='bbox 1631 1860 1783 1896; x_wconf 88' lang='lat' dir='ltr'>dixerat</span> <span class='ocrx_word' id='word_1_261' title='bbox 1808 1871 1873 1896; x_wconf 90' lang='lat' dir='ltr'>au·</span> <span class='ocrx_word' id='word_1_262' title='bbox 1921 1868 1923 1871; x_wconf 87' lang='grc'><strong>’</strong></span> <span class='ocrx_word' id='word_1_263' title='bbox 1969 1903 1976 1913; x_wconf 78' lang='lat'>.</span> 
     </span>
    </p>
   </div>
   <div class='ocr_carea' id='block_1_4' title="bbox 220 1919 1875 2980">
    <p class='ocr_par' dir='ltr' id='par_1_16' title="bbox 311 1919 1873 2025">
     <span class='ocr_line' id='line_1_30' title="bbox 311 1919 1873 1968; baseline 0.001 -15"><span class='ocrx_word' id='word_1_264' title='bbox 311 1924 389 1954; x_wconf 90' lang='lat' dir='ltr'>tem</span> <span class='ocrx_word' id='word_1_265' title='bbox 409 1921 524 1966; x_wconf 91' lang='lat' dir='ltr'>paulo</span> <span class='ocrx_word' id='word_1_266' title='bbox 553 1926 682 1966; x_wconf 89' lang='lat' dir='ltr'>antea,</span> <span class='ocrx_word' id='word_1_267' title='bbox 702 1933 742 1955; x_wconf 88' lang='lat' dir='ltr'>n.</span> <span class='ocrx_word' id='word_1_268' title='bbox 772 1929 803 1955; x_wconf 87' lang='lat'>1:</span> <span class='ocrx_word' id='word_1_269' title='bbox 826 1921 942 1956; x_wconf 88' lang='lat' dir='ltr'>«Este</span> <span class='ocrx_word' id='word_1_270' title='bbox 974 1921 1153 1967; x_wconf 88' lang='lat' dir='ltr'>Principe</span> <span class='ocrx_word' id='word_1_271' title='bbox 1183 1932 1258 1968; x_wconf 87' lang='lat' dir='ltr'>que</span> <span class='ocrx_word' id='word_1_272' title='bbox 1289 1922 1373 1956; x_wconf 75' lang='lat' dir='ltr'>esta</span> <span class='ocrx_word' id='word_1_273' title='bbox 1391 1932 1452 1955; x_wconf 92' lang='lat' dir='ltr'>em</span> <span class='ocrx_word' id='word_1_274' title='bbox 1483 1920 1594 1965; x_wconf 90' lang='lat' dir='ltr'>Tale,</span> <span class='ocrx_word' id='word_1_275' title='bbox 1614 1919 1796 1955; x_wconf 89' lang='lat' dir='ltr'>sobrinho</span> <span class='ocrx_word' id='word_1_276' title='bbox 1825 1919 1873 1954; x_wconf 92' lang='lat' dir='ltr'>de</span> 
     </span>
     <span class='ocr_line' id='line_1_31' title="bbox 311 1977 647 2025; baseline 0.009 -13"><span class='ocrx_word' id='word_1_277' title='bbox 311 1977 628 2025; x_wconf 84' lang='lat' dir='ltr'>Iniquitribirirn»</span> <span class='ocrx_word' id='word_1_278' title='bbox 638 2006 647 2015; x_wconf 91' lang='lat'><strong>.</strong></span> 
     </span>
    </p>

    <p class='ocr_par' dir='ltr' id='par_1_17' title="bbox 239 2037 1875 2382">
     <span class='ocr_line' id='line_1_32' title="bbox 239 2037 1874 2085; baseline 0.001 -14"><span class='ocrx_word' id='word_1_279' title='bbox 239 2037 344 2085; x_wconf 86' lang='lat' dir='ltr'>Pag.</span> <span class='ocrx_word' id='word_1_280' title='bbox 367 2038 449 2082; x_wconf 84' lang='lat'><em>316,</em></span> <span class='ocrx_word' id='word_1_281' title='bbox 469 2039 542 2076; x_wconf 85' lang='lat' dir='ltr'>lin.</span> <span class='ocrx_word' id='word_1_282' title='bbox 562 2048 604 2074; x_wconf 87' lang='lat'>11</span> <span class='ocrx_word' id='word_1_283' title='bbox 633 2043 670 2075; x_wconf 83' lang='lat' dir='ltr'>et</span> <span class='ocrx_word' id='word_1_284' title='bbox 687 2049 745 2082; x_wconf 87' lang='lat'>12,</span> <span class='ocrx_word' id='word_1_285' title='bbox 773 2051 817 2075; x_wconf 86' lang='lat' dir='ltr'>«e</span> <span class='ocrx_word' id='word_1_286' title='bbox 848 2051 909 2075; x_wconf 88' lang='lat' dir='ltr'>me</span> <span class='ocrx_word' id='word_1_287' title='bbox 929 2042 977 2075; x_wconf 75' lang='lat' dir='ltr'>va</span> <span class='ocrx_word' id='word_1_288' title='bbox 1006 2042 1027 2075; x_wconf 80' lang='lat' dir='ltr'>a</span> <span class='ocrx_word' id='word_1_289' title='bbox 1047 2040 1155 2075; x_wconf 90' lang='lat' dir='ltr'>India</span> <span class='ocrx_word' id='word_1_290' title='bbox 1185 2051 1267 2075; x_wconf 91' lang='lat' dir='ltr'>sem</span> <span class='ocrx_word' id='word_1_291' title='bbox 1299 2039 1394 2074; x_wconf 90' lang='lat' dir='ltr'>mais</span> <span class='ocrx_word' id='word_1_292' title='bbox 1414 2038 1578 2075; x_wconf 85' lang='lat' dir='ltr'>tardar».</span> <span class='ocrx_word' id='word_1_293' title='bbox 1604 2038 1744 2073; x_wconf 88' lang='lat' dir='ltr'>Melius</span> <span class='ocrx_word' id='word_1_294' title='bbox 1772 2038 1874 2085; x_wconf 89' lang='lat' dir='ltr'>apud</span> 
     </span>
     <span class='ocr_line' id='line_1_33' title="bbox 311 2096 1875 2145; baseline 0.001 -14"><span class='ocrx_word' id='word_1_295' title='bbox 311 2096 531 2144; x_wconf 87' lang='lat' dir='ltr'>Possinum,</span> <span class='ocrx_word' id='word_1_296' title='bbox 549 2098 616 2145; x_wconf 93' lang='lat' dir='ltr'>qui</span> <span class='ocrx_word' id='word_1_297' title='bbox 634 2100 719 2134; x_wconf 91' lang='lat' dir='ltr'>loco</span> <span class='ocrx_word' id='word_1_298' title='bbox 736 2099 858 2134; x_wconf 83' lang='lat' dir='ltr'>India</span> <span class='ocrx_word' id='word_1_299' title='bbox 875 2099 1010 2135; x_wconf 90' lang='lat' dir='ltr'>scribit</span> <span class='ocrx_word' id='word_1_300' title='bbox 1033 2099 1157 2143; x_wconf 85' lang='lat' dir='ltr'>Goae‚·</span> <span class='ocrx_word' id='word_1_301' title='bbox 1175 2111 1252 2135; x_wconf 92' lang='lat' dir='ltr'>non</span> <span class='ocrx_word' id='word_1_302' title='bbox 1271 2099 1374 2134; x_wconf 89' lang='lat' dir='ltr'>enim</span> <span class='ocrx_word' id='word_1_303' title='bbox 1393 2103 1544 2145; x_wconf 89' lang='lat' dir='ltr'>poterat</span> <span class='ocrx_word' id='word_1_304' title='bbox 1562 2098 1600 2133; x_wconf 92' lang='lat' dir='ltr'>in</span> <span class='ocrx_word' id='word_1_305' title='bbox 1624 2097 1772 2133; x_wconf 89' lang='lat' dir='ltr'>Indiam</span> <span class='ocrx_word' id='word_1_306' title='bbox 1791 2109 1875 2144; x_wconf 86' lang='lat' dir='ltr'>per-</span> 
     </span>
     <span class='ocr_line' id='line_1_34' title="bbox 309 2155 1874 2202; baseline 0.001 -11"><span class='ocrx_word' id='word_1_307' title='bbox 309 2167 418 2202; x_wconf 90' lang='lat' dir='ltr'>gere,</span> <span class='ocrx_word' id='word_1_308' title='bbox 449 2168 537 2192; x_wconf 92' lang='lat' dir='ltr'>cum</span> <span class='ocrx_word' id='word_1_309' title='bbox 560 2158 599 2193; x_wconf 92' lang='lat' dir='ltr'>in</span> <span class='ocrx_word' id='word_1_310' title='bbox 631 2157 694 2194; x_wconf 91' lang='lat' dir='ltr'>illa</span> <span class='ocrx_word' id='word_1_311' title='bbox 722 2165 959 2194; x_wconf 88' lang='lat' dir='ltr'>versaretur.</span> <span class='ocrx_word' id='word_1_312' title='bbox 992 2159 1183 2194; x_wconf 88' lang='lat' dir='ltr'>Audiatur</span> <span class='ocrx_word' id='word_1_313' title='bbox 1206 2159 1407 2194; x_wconf 86' lang='lat' dir='ltr'>Possinus:</span> <span class='ocrx_word' id='word_1_314' title='bbox 1429 2163 1542 2193; x_wconf 80' lang='lat' dir='ltr'>«...ut</span> <span class='ocrx_word' id='word_1_315' title='bbox 1563 2168 1640 2192; x_wconf 92' lang='lat' dir='ltr'>non</span> <span class='ocrx_word' id='word_1_316' title='bbox 1663 2156 1715 2192; x_wconf 89' lang='lat' dir='ltr'>sit</span> <span class='ocrx_word' id='word_1_317' title='bbox 1734 2155 1874 2192; x_wconf 83' lang='lat' dir='ltr'>inveri-</span> 
     </span>
     <span class='ocr_line' id='line_1_35' title="bbox 311 2215 1871 2264; baseline 0.001 -14"><span class='ocrx_word' id='word_1_318' title='bbox 311 2215 452 2262; x_wconf 89' lang='lat' dir='ltr'>simile,</span> <span class='ocrx_word' id='word_1_319' title='bbox 471 2228 532 2252; x_wconf 90' lang='lat' dir='ltr'>me</span> <span class='ocrx_word' id='word_1_320' title='bbox 550 2217 612 2252; x_wconf 89' lang='lat' dir='ltr'>hic</span> <span class='ocrx_word' id='word_1_321' title='bbox 631 2218 837 2264; x_wconf 90' lang='lat' dir='ltr'>Manapare</span> <span class='ocrx_word' id='word_1_322' title='bbox 861 2218 972 2253; x_wconf 89' lang='lat' dir='ltr'>brevi</span> <span class='ocrx_word' id='word_1_323' title='bbox 989 2229 1292 2254; x_wconf 87' lang='lat' dir='ltr'>conscensurum</span> <span class='ocrx_word' id='word_1_324' title='bbox 1315 2217 1596 2262; x_wconf 85' lang='lat' dir='ltr'>naviculam...,</span> <span class='ocrx_word' id='word_1_325' title='bbox 1614 2227 1690 2263; x_wconf 93' lang='lat' dir='ltr'>qua</span> <span class='ocrx_word' id='word_1_326' title='bbox 1707 2227 1769 2251; x_wconf 89' lang='lat' dir='ltr'>me</span> <span class='ocrx_word' id='word_1_327' title='bbox 1788 2215 1871 2252; x_wconf 89' lang='lat' dir='ltr'>sine</span> 
     </span>
     <span class='ocr_line' id='line_1_36' title="bbox 310 2275 1871 2324; baseline 0.001 -15"><span class='ocrx_word' id='word_1_328' title='bbox 310 2286 415 2310; x_wconf 92' lang='lat' dir='ltr'>mora</span> <span class='ocrx_word' id='word_1_329' title='bbox 433 2275 542 2311; x_wconf 90' lang='lat' dir='ltr'>Goae</span> <span class='ocrx_word' id='word_1_330' title='bbox 560 2276 733 2321; x_wconf 89' lang='lat' dir='ltr'>reddam,</span> <span class='ocrx_word' id='word_1_331' title='bbox 752 2277 821 2323; x_wconf 86' lang='lat' dir='ltr'>ibi,</span> <span class='ocrx_word' id='word_1_332' title='bbox 844 2288 944 2324; x_wconf 91' lang='lat' dir='ltr'>quae</span> <span class='ocrx_word' id='word_1_333' title='bbox 963 2288 1059 2324; x_wconf 89' lang='lat' dir='ltr'>opus</span> <span class='ocrx_word' id='word_1_334' title='bbox 1078 2283 1168 2312; x_wconf 91' lang='lat' dir='ltr'>sunt</span> <span class='ocrx_word' id='word_1_335' title='bbox 1187 2277 1235 2312; x_wconf 92' lang='lat' dir='ltr'>ad</span> <span class='ocrx_word' id='word_1_336' title='bbox 1253 2276 1531 2324; x_wconf 82' lang='lat' dir='ltr'>profectionem</span> <span class='ocrx_word' id='word_1_337' title='bbox 1549 2276 1588 2311; x_wconf 90' lang='lat' dir='ltr'>in</span> <span class='ocrx_word' id='word_1_338' title='bbox 1613 2280 1734 2310; x_wconf 92' lang='lat' dir='ltr'>terras</span> <span class='ocrx_word' id='word_1_339' title='bbox 1759 2275 1871 2310; x_wconf 87' lang='lat' dir='ltr'>Prae-</span> 
     </span>
     <span class='ocr_line' id='line_1_37' title="bbox 311 2333 772 2382; baseline 0.002 -13"><span class='ocrx_word' id='word_1_340' title='bbox 311 2333 514 2381; x_wconf 88' lang='lat' dir='ltr'>stejannis,</span> <span class='ocrx_word' id='word_1_341' title='bbox 533 2341 772 2382; x_wconf 88' lang='lat' dir='ltr'>paraturus».</span> 
     </span>
    </p>

    <p class='ocr_par' dir='ltr' id='par_1_18' title="bbox 240 2393 847 2442">
     <span class='ocr_line' id='line_1_38' title="bbox 240 2393 847 2442; baseline 0.005 -15"><span class='ocrx_word' id='word_1_342' title='bbox 240 2393 349 2440; x_wconf 86' lang='lat' dir='ltr'>Pag.</span> <span class='ocrx_word' id='word_1_343' title='bbox 374 2393 456 2439; x_wconf 82' lang='lat'><em>318,</em></span> <span class='ocrx_word' id='word_1_344' title='bbox 477 2394 551 2430; x_wconf 84' lang='lat' dir='ltr'>lin.</span> <span class='ocrx_word' id='word_1_345' title='bbox 571 2394 632 2436; x_wconf 88' lang='grc'>26,</span> <span class='ocrx_word' id='word_1_346' title='bbox 652 2402 688 2439; x_wconf 83' lang='grc'><strong><em>5,</em></strong></span> <span class='ocrx_word' id='word_1_347' title='bbox 709 2394 794 2442; x_wconf 84' lang='lat' dir='ltr'>lege</span> <span class='ocrx_word' id='word_1_348' title='bbox 812 2393 847 2430; x_wconf 91' lang='lat'>3.</span> 
     </span>
    </p>

    <p class='ocr_par' dir='ltr' id='par_1_19' title="bbox 239 2451 1874 2856">
     <span class='ocr_line' id='line_1_39' title="bbox 239 2451 1871 2501; baseline 0.001 -16"><span class='ocrx_word' id='word_1_349' title='bbox 239 2451 345 2498; x_wconf 84' lang='lat' dir='ltr'>Pag.</span> <span class='ocrx_word' id='word_1_350' title='bbox 368 2452 450 2497; x_wconf 82' lang='lat'>326,</span> <span class='ocrx_word' id='word_1_351' title='bbox 476 2451 515 2487; x_wconf 90' lang='lat' dir='ltr'>in</span> <span class='ocrx_word' id='word_1_352' title='bbox 533 2458 668 2488; x_wconf 91' lang='lat' dir='ltr'>annot.</span> <span class='ocrx_word' id='word_1_353' title='bbox 702 2461 734 2498; x_wconf 92' lang='lat'>1,</span> <span class='ocrx_word' id='word_1_354' title='bbox 759 2464 858 2501; x_wconf 91' lang='lat' dir='ltr'>quae</span> <span class='ocrx_word' id='word_1_355' title='bbox 883 2454 1074 2489; x_wconf 90' lang='lat' dir='ltr'>habentur</span> <span class='ocrx_word' id='word_1_356' title='bbox 1100 2465 1121 2488; x_wconf 91' lang='lat' dir='ltr'>a</span> <span class='ocrx_word' id='word_1_357' title='bbox 1144 2459 1280 2501; x_wconf 88' lang='lat' dir='ltr'>quarta</span> <span class='ocrx_word' id='word_1_358' title='bbox 1305 2453 1407 2488; x_wconf 90' lang='lat' dir='ltr'>linea</span> <span class='ocrx_word' id='word_1_359' title='bbox 1429 2457 1592 2488; x_wconf 91' lang='lat' dir='ltr'>eatenus</span> <span class='ocrx_word' id='word_1_360' title='bbox 1616 2452 1714 2488; x_wconf 81' lang='lat' dir='ltr'>falsa</span> <span class='ocrx_word' id='word_1_361' title='bbox 1737 2451 1871 2488; x_wconf 89' lang='lat' dir='ltr'>haberi</span> 
     </span>
     <span class='ocr_line' id='line_1_40' title="bbox 310 2509 1871 2559; baseline 0.001 -14"><span class='ocrx_word' id='word_1_362' title='bbox 310 2521 386 2546; x_wconf 92' lang='lat' dir='ltr'>non</span> <span class='ocrx_word' id='word_1_363' title='bbox 403 2511 564 2558; x_wconf 90' lang='lat' dir='ltr'>debent,</span> <span class='ocrx_word' id='word_1_364' title='bbox 582 2517 774 2559; x_wconf 91' lang='lat' dir='ltr'>quatenus</span> <span class='ocrx_word' id='word_1_365' title='bbox 793 2512 1054 2559; x_wconf 89' lang='lat' dir='ltr'>supprimatur</span> <span class='ocrx_word' id='word_1_366' title='bbox 1072 2513 1236 2559; x_wconf 88' lang='lat' dir='ltr'>epistola</span> <span class='ocrx_word' id='word_1_367' title='bbox 1254 2521 1313 2558; x_wconf 81' lang='lat'>273</span> <span class='ocrx_word' id='word_1_368' title='bbox 1333 2512 1405 2547; x_wconf 90' lang='lat' dir='ltr'>hoc</span> <span class='ocrx_word' id='word_1_369' title='bbox 1423 2511 1527 2547; x_wconf 90' lang='lat' dir='ltr'>enim</span> <span class='ocrx_word' id='word_1_370' title='bbox 1544 2511 1685 2559; x_wconf 87' lang='lat' dir='ltr'>posito,</span> <span class='ocrx_word' id='word_1_371' title='bbox 1704 2509 1871 2556; x_wconf 84' lang='lat' dir='ltr'>intelligi</span> 
     </span>
     <span class='ocr_line' id='line_1_41' title="bbox 309 2569 1872 2618; baseline 0 -13"><span class='ocrx_word' id='word_1_372' title='bbox 309 2577 473 2616; x_wconf 88' lang='lat' dir='ltr'>possunt</span> <span class='ocrx_word' id='word_1_373' title='bbox 491 2571 554 2606; x_wconf 90' lang='lat' dir='ltr'>illa</span> <span class='ocrx_word' id='word_1_374' title='bbox 574 2572 706 2607; x_wconf 90' lang='lat' dir='ltr'>verba:</span> <span class='ocrx_word' id='word_1_375' title='bbox 729 2571 866 2608; x_wconf 88' lang='lat' dir='ltr'>«Unde</span> <span class='ocrx_word' id='word_1_376' title='bbox 884 2572 986 2607; x_wconf 90' lang='lat' dir='ltr'>inter</span> <span class='ocrx_word' id='word_1_377' title='bbox 1003 2571 1107 2607; x_wconf 91' lang='lat' dir='ltr'>diem</span> <span class='ocrx_word' id='word_1_378' title='bbox 1127 2580 1171 2606; x_wconf 88' lang='lat'>22</span> <span class='ocrx_word' id='word_1_379' title='bbox 1189 2571 1311 2618; x_wconf 90' lang='lat' dir='ltr'>Junii,</span> <span class='ocrx_word' id='word_1_380' title='bbox 1335 2582 1412 2618; x_wconf 93' lang='lat' dir='ltr'>quo</span> <span class='ocrx_word' id='word_1_381' title='bbox 1430 2576 1587 2606; x_wconf 84' lang='lat' dir='ltr'>exarata</span> <span class='ocrx_word' id='word_1_382' title='bbox 1610 2570 1684 2606; x_wconf 83' lang='lat' dir='ltr'>fuit</span> <span class='ocrx_word' id='word_1_383' title='bbox 1708 2569 1872 2617; x_wconf 85' lang='lat' dir='ltr'>epistola</span> 
     </span>
     <span class='ocr_line' id='line_1_42' title="bbox 309 2629 1873 2678; baseline -0.001 -14"><span class='ocrx_word' id='word_1_384' title='bbox 309 2630 500 2676; x_wconf 88' lang='lat' dir='ltr'>superior,</span> <span class='ocrx_word' id='word_1_385' title='bbox 518 2630 672 2678; x_wconf 89' lang='lat' dir='ltr'>quando</span> <span class='ocrx_word' id='word_1_386' title='bbox 690 2630 785 2666; x_wconf 88' lang='lat' dir='ltr'>nihil</span> <span class='ocrx_word' id='word_1_387' title='bbox 809 2630 858 2666; x_wconf 92' lang='lat' dir='ltr'>de</span> <span class='ocrx_word' id='word_1_388' title='bbox 881 2631 1179 2667; x_wconf 88' lang='lat' dir='ltr'>christianorum</span> <span class='ocrx_word' id='word_1_389' title='bbox 1203 2630 1399 2666; x_wconf 87' lang='lat' dir='ltr'>aerumnis</span> <span class='ocrx_word' id='word_1_390' title='bbox 1422 2630 1573 2666; x_wconf 90' lang='lat' dir='ltr'>sciebat</span> <span class='ocrx_word' id='word_1_391' title='bbox 1595 2629 1873 2673; x_wconf 88' lang='lat' dir='ltr'>Xaverius...»;</span> 
     </span>
     <span class='ocr_line' id='line_1_43' title="bbox 309 2687 1874 2736; baseline 0.001 -14"><span class='ocrx_word' id='word_1_392' title='bbox 309 2698 422 2723; x_wconf 88' lang='lat' dir='ltr'>secus</span> <span class='ocrx_word' id='word_1_393' title='bbox 440 2701 548 2733; x_wconf 88' lang='lat' dir='ltr'>vero,</span> <span class='ocrx_word' id='word_1_394' title='bbox 567 2689 666 2725; x_wconf 85' lang='lat' dir='ltr'>falsa</span> <span class='ocrx_word' id='word_1_395' title='bbox 680 2700 838 2736; x_wconf 88' lang='lat' dir='ltr'>prorsus</span> <span class='ocrx_word' id='word_1_396' title='bbox 857 2690 1043 2734; x_wconf 89' lang='lat' dir='ltr'>evadunt,</span> <span class='ocrx_word' id='word_1_397' title='bbox 1062 2702 1151 2725; x_wconf 91' lang='lat' dir='ltr'>nam</span> <span class='ocrx_word' id='word_1_398' title='bbox 1168 2689 1216 2725; x_wconf 93' lang='lat' dir='ltr'>de</span> <span class='ocrx_word' id='word_1_399' title='bbox 1235 2689 1458 2736; x_wconf 89' lang='lat' dir='ltr'>hujusmodi</span> <span class='ocrx_word' id='word_1_400' title='bbox 1474 2688 1671 2725; x_wconf 87' lang='lat' dir='ltr'>aerumnis</span> <span class='ocrx_word' id='word_1_401' title='bbox 1688 2688 1818 2735; x_wconf 85' lang='lat' dir='ltr'>agitur</span> <span class='ocrx_word' id='word_1_402' title='bbox 1835 2687 1874 2723; x_wconf 89' lang='lat' dir='ltr'>in</span> 
     </span>
     <span class='ocr_line' id='line_1_44' title="bbox 308 2747 1873 2796; baseline 0.001 -16"><span class='ocrx_word' id='word_1_403' title='bbox 308 2749 547 2794; x_wconf 86' lang='lat' dir='ltr'>paragrapho</span> <span class='ocrx_word' id='word_1_404' title='bbox 577 2749 700 2795; x_wconf 90' lang='lat' dir='ltr'>primo</span> <span class='ocrx_word' id='word_1_405' title='bbox 732 2749 910 2784; x_wconf 89' lang='lat' dir='ltr'>laudatae</span> <span class='ocrx_word' id='word_1_406' title='bbox 945 2749 1133 2796; x_wconf 91' lang='lat' dir='ltr'>epistolae</span> <span class='ocrx_word' id='word_1_407' title='bbox 1168 2757 1229 2794; x_wconf 88' lang='lat'>27.</span> <span class='ocrx_word' id='word_1_408' title='bbox 1271 2748 1372 2784; x_wconf 90' lang='lat' dir='ltr'>Vide</span> <span class='ocrx_word' id='word_1_409' title='bbox 1404 2759 1505 2796; x_wconf 87' lang='lat' dir='ltr'>quae</span> <span class='ocrx_word' id='word_1_410' title='bbox 1537 2747 1708 2784; x_wconf 86' lang='lat' dir='ltr'>diximus</span> <span class='ocrx_word' id='word_1_411' title='bbox 1742 2758 1873 2794; x_wconf 82' lang='lat' dir='ltr'>supra,</span> 
     </span>
     <span class='ocr_line' id='line_1_45' title="bbox 309 2805 1442 2856; baseline 0.004 -17"><span class='ocrx_word' id='word_1_412' title='bbox 309 2816 374 2851; x_wconf 93' lang='lat' dir='ltr'>pp.</span> <span class='ocrx_word' id='word_1_413' title='bbox 392 2805 565 2853; x_wconf 86' lang='lat'>965-967,</span> <span class='ocrx_word' id='word_1_414' title='bbox 583 2807 633 2843; x_wconf 91' lang='lat' dir='ltr'>de</span> <span class='ocrx_word' id='word_1_415' title='bbox 650 2808 827 2855; x_wconf 88' lang='lat' dir='ltr'>epistolis</span> <span class='ocrx_word' id='word_1_416' title='bbox 846 2810 920 2844; x_wconf 92' lang='lat' dir='ltr'>sub</span> <span class='ocrx_word' id='word_1_417' title='bbox 937 2821 1003 2844; x_wconf 90' lang='lat' dir='ltr'>nn.</span> <span class='ocrx_word' id='word_1_418' title='bbox 1024 2816 1084 2854; x_wconf 89' lang='grc'>27,</span> <span class='ocrx_word' id='word_1_419' title='bbox 1103 2807 1148 2844; x_wconf 92' lang='grc'><strong><em>28</em></strong></span> <span class='ocrx_word' id='word_1_420' title='bbox 1165 2814 1206 2844; x_wconf 88' lang='lat' dir='ltr'>et</span> <span class='ocrx_word' id='word_1_421' title='bbox 1225 2808 1270 2855; x_wconf 85' lang='grc'><strong><em>29</em></strong></span> <span class='ocrx_word' id='word_1_422' title='bbox 1287 2806 1442 2856; x_wconf 75' lang='lat' dir='ltr'>positis;</span> 
     </span>
    </p>

    <p class='ocr_par' dir='ltr' id='par_1_20' title="bbox 240 2864 1060 2916">
     <span class='ocr_line' id='line_1_46' title="bbox 240 2864 1060 2916; baseline 0.007 -18"><span class='ocrx_word' id='word_1_423' title='bbox 240 2864 349 2911; x_wconf 84' lang='lat' dir='ltr'>Pag.</span> <span class='ocrx_word' id='word_1_424' title='bbox 375 2873 457 2910; x_wconf 89' lang='grc'><strong><em>332,</em></strong></span> <span class='ocrx_word' id='word_1_425' title='bbox 477 2866 553 2901; x_wconf 84' lang='lat' dir='ltr'>lin.</span> <span class='ocrx_word' id='word_1_426' title='bbox 578 2876 620 2911; x_wconf 90' lang='lat'>9,</span> <span class='ocrx_word' id='word_1_427' title='bbox 643 2867 787 2915; x_wconf 82' lang='lat' dir='ltr'>fempo,</span> <span class='ocrx_word' id='word_1_428' title='bbox 806 2869 892 2916; x_wconf 85' lang='lat' dir='ltr'>lege</span> <span class='ocrx_word' id='word_1_429' title='bbox 911 2874 1060 2915; x_wconf 89' lang='lat' dir='ltr'>tempo.</span> 
     </span>
    </p>

    <p class='ocr_par' dir='ltr' id='par_1_21' title="bbox 220 2923 1298 2980">
     <span class='ocr_line' id='line_1_47' title="bbox 220 2923 1298 2980; baseline 0.006 -23"><span class='ocrx_word' id='word_1_430' title='bbox 220 2923 346 2970; x_wconf 65' lang='lat' dir='ltr'>‘Pag.</span> <span class='ocrx_word' id='word_1_431' title='bbox 368 2923 439 2969; x_wconf 84' lang='grc'>336</span> <span class='ocrx_word' id='word_1_432' title='bbox 455 2928 593 2961; x_wconf 80' lang='lat' dir='ltr'>annot.</span> <span class='ocrx_word' id='word_1_433' title='bbox 615 2935 648 2971; x_wconf 83' lang='lat'>3,</span> <span class='ocrx_word' id='word_1_434' title='bbox 669 2926 905 2963; x_wconf 90' lang='lat' dir='ltr'>Gouenador</span> <span class='ocrx_word' id='word_1_435' title='bbox 922 2928 1008 2976; x_wconf 82' lang='lat' dir='ltr'>lege</span> <span class='ocrx_word' id='word_1_436' title='bbox 1026 2927 1298 2980; x_wconf 81' lang='lat' dir='ltr'>Gouernador.</span> 
     </span>
    </p>
   </div>
   <div class='ocr_carea' id='block_1_5' title="bbox 1935 0 1998 1103">
    <p class='ocr_par' dir='ltr' id='par_1_22' title="bbox 1935 0 2030 1103">
     <span class='ocr_line' id='line_1_48' title="bbox 1935 0 1998 350; baseline 0 -284"><span class='ocrx_word' id='word_1_437' title='bbox 1935 0 1998 350; x_wconf 75' lang='grc' dir='ltr'>Ξ</span> 
     </span>
     <span class='ocr_line' id='line_1_49' title="bbox 1967 779 1996 1103; baseline 0 -234"><span class='ocrx_word' id='word_1_438' title='bbox 1967 779 1996 1103; x_wconf 75' lang='lat'><em>3</em></span> 
     </span>
    </p>
   </div>
   <div class='ocr_carea' id='block_1_6' title="bbox 1931 0 2037 3360">
    <p class='ocr_par' dir='ltr' id='par_1_23' title="bbox 1931 0 2037 3360">
     <span class='ocr_line' id='line_1_50' title="bbox 1931 0 2037 3360; baseline 0 0"><span class='ocrx_word' id='word_1_439' title='bbox 1931 0 2037 3360; x_wconf 95' lang='lat' dir='ltr'> </span> 
     </span>
    </p>
   </div>
  </div>
 </body>
</html>
