2049 3360
2015 0 2047 111 ἀ*

373 217 442 262 932
866 218 1137 254 MONUMENTA
1163 218 1412 254 XAVERJANA

326 327 435 362 tuna
457 327 537 364 est.
563 319 753 362 Paulum
782 317 970 362 interius
992 317 1191 369 initiatis,
1217 326 1261 361 et
1294 326 1476 374 gustare
1507 320 1599 374 jam
1624 320 1942 377 incipientibus
2047 304 2049 423 4

323 410 456 452 quarn
480 395 629 439 suavis
651 395 708 437 sit
730 394 965 447 Dominus,
992 394 1198 449 equidem
1221 403 1350 437 autor
1367 395 1467 447 sim,
1488 397 1758 440 attollendae
1781 400 1941 442 crebro

324 488 403 529 per
424 472 541 517 diem
564 473 619 514 ad
641 472 829 515 Coelum
851 471 1028 522 mentis,
1054 470 1265 514 iterandis
1288 472 1477 514 subinde
1495 472 1670 515 actibus
1688 473 1827 526 Fidei,
1850 476 1938 519 Re-

322 549 516 605 ligionis,
544 547 664 604 Spei3
691 547 949 603 praesertim
967 562 1072 591 vero
1085 562 1222 603 purae
1239 561 1290 590 ac
1308 562 1521 603 syncerae
1535 549 1759 592 Caritatis.
1782 551 1937 594 Istius-

322 625 441 668 modi
464 639 676 669 sensuum
701 624 912 666 formulas
934 638 988 666 ex
1013 623 1201 666 Psalmis
1223 638 1274 666 ac
1292 624 1428 666 sacris
1445 625 1623 679 hymnis
1640 627 1851 670 memoria
1869 635 1936 670 te-

323 715 444 753 nere,
465 715 631 756 oreque
648 700 891 744 identidem
910 701 1095 744 reddere
1113 700 1323 756 proderit:
1345 708 1555 756 poterunt
1572 709 1616 744 et
1633 702 1817 758 exprimi
1836 719 1937 746 ver-

322 778 390 820 bis
412 777 691 834 vulgaribus,
719 784 854 832 atque
877 778 988 820 adeo
1006 777 1190 827 cantari,
1217 791 1348 831 quem
1374 778 1428 819 ad
1460 792 1589 820 usum
1620 780 1703 821 hoc
1726 780 1935 832 habeant,

319 854 484 910 quibus
507 854 717 906 arriserit,
754 853 974 910 illigatum
1008 853 1204 896 numeris
1238 853 1498 897 exercitium
1522 854 1673 897 Divini
1701 856 1862 899 amoris
1884 858 1940 900 ab

318 930 442 973 omni
465 930 606 974 nostri
629 938 835 987 respectu
858 930 1093 974 defaecati.

735 1081 796 1124 Ut
819 1080 885 1123 Te
907 1080 1048 1122 colam
1067 1080 1191 1122 Deus
1214 1093 1341 1122 meus

733 1157 836 1200 Non
858 1170 929 1199 me
950 1164 1100 1199 movet
1124 1163 1263 1198 terror
1287 1163 1389 1198 tuae

735 1235 896 1277 Manus
918 1232 1136 1275 vibrantis
1160 1232 1360 1275 fulmina:

732 1311 829 1353 Nec
850 1311 1007 1353 horror
1023 1309 1142 1365 ignis
1160 1309 1333 1352 Tartari

734 1386 917 1431 Urentis
939 1393 1170 1430 aeternum
1194 1401 1306 1430 reos.

736 1464 806 1506 Tu
829 1477 900 1505 me
923 1464 1047 1506 Deus
1069 1478 1147 1519 per
1171 1471 1214 1507 te
1236 1478 1406 1516 moves,

737 1541 806 1583 Tu
831 1540 1011 1583 Christe
1034 1541 1274 1583 transfixus
1298 1540 1451 1595 trahis,

736 1617 860 1660 Crux
884 1624 1031 1673 urget,
1058 1616 1256 1659 incendit
1278 1631 1409 1661 cruor

727 1693 874 1751 JESU
898 1692 986 1736 tuis
1009 1693 1152 1749 plagis
1169 1695 1324 1736 fluens.

737 1770 786 1815 Si
808 1777 953 1814 cesset
975 1769 1137 1813 Inferni
1162 1777 1322 1822 metus,

734 1847 936 1890 Tollatur
958 1853 1003 1890 et
1025 1846 1138 1902 Spes
1159 1846 1355 1898 Gloriae,

322 2008 452 2044 verius
478 2006 780 2054 Philippuccius.
799 2005 945 2041 Solitus
976 2011 1058 2041 erat
1087 2005 1252 2041 Sanetus
1273 2005 1467 2041 Indiarum
1488 2007 1711 2054 Apostolus,
1730 2014 1842 2055 prout
1860 2009 1942 2056 ipse

323 2067 526 2114 aliquoties
541 2066 579 2101 in
598 2066 657 2101 his
677 2065 770 2112 ipsis
784 2064 969 2112 Epistolis
988 2070 1167 2108 testatur,
1187 2064 1234 2100 iis
1251 2076 1348 2111 quos
1367 2076 1387 2100 e
1407 2064 1514 2100 faece
1534 2066 1637 2101 vitae
1656 2066 1867 2114 improbae,
1887 2080 1944 2104 sa-

322 2127 435 2161 lutari
450 2124 687 2173 poenitentia
706 2125 910 2160 instinctos
925 2124 1125 2168 eduxerat,
1141 2135 1355 2170 proponere
1371 2123 1570 2160 formulam
1586 2125 1789 2162 emendate
1805 2126 1944 2174 pieque

322 2185 494 2230 vivendi,
514 2186 611 2220 hanc
629 2184 766 2231 ipsam,
782 2183 920 2231 partim
938 2194 1004 2218 ore
1022 2194 1066 2219 ac
1084 2194 1179 2218 voce
1195 2182 1284 2217 viva
1298 2183 1457 2218 rudibus
1477 2183 1646 2230 tradens,
1665 2185 1803 2231 partim
1821 2185 1943 2221 literis

320 2256 547 2292 expressam
567 2250 605 2279 et
624 2244 662 2279 in
694 2245 814 2279 multa
840 2244 1037 2289 vulgatam
1060 2242 1251 2288 exempla,
1271 2247 1424 2289 quoquo
1456 2254 1611 2278 versum
1642 2254 1847 2290 spargens;
1877 2250 1943 2280 aut

259 2345 264 2349 ι
321 2304 440 2339 etiam
458 2304 498 2339 in
517 2305 600 2339 loco
630 2302 785 2350 publico
814 2302 989 2348 defigens
1009 2301 1109 2337 unde
1139 2301 1303 2337 facultas
1328 2301 1574 2337 describendi
1592 2302 1841 2350 esset‚·quod
1866 2303 1942 2339 Ga-

321 2363 423 2409 spari
443 2364 611 2398 Barzaeo
630 2368 672 2398 ut
690 2361 805 2396 faciat
829 2360 966 2396 suadet
989 2359 1163 2406 Epistola
1181 2359 1248 2394 IV.
1278 2359 1364 2394 libri
1396 2359 1466 2395 1V.
1491 2366 1578 2406 post
1596 2360 1781 2406 medium,
1813 2362 1881 2397 ubi
1898 2373 1941 2397 se

321 2424 420 2458 hanc
437 2422 638 2457 formulam
657 2419 877 2456 Christiane
903 2418 1061 2455 vivendi
1083 2419 1185 2453 clare
1211 2423 1375 2454 testatur
1394 2418 1617 2464 digessisse.
1642 2419 1746 2466 Quid
1766 2419 1885 2466 igitur
1902 2420 1941 2456 in

320 2493 368 2516 ea
385 2480 648 2516 concinnanda
665 2478 783 2526 (quod
802 2478 912 2514 modo
926 2477 1110 2521 indicavi)
1125 2477 1388 2523 Philippucius
1404 2476 1513 2513 fecit?
1529 2477 1669 2513 dicam.
1686 2479 1806 2513 Multa
1820 2484 1859 2514 et
1878 2490 1942 2514 va-

323 2540 378 2575 ria
395 2551 462 2586 per
476 2539 624 2575 Indiam
639 2539 795 2574 fuerunt
808 2537 922 2584 hujus
938 2538 1199 2572 Paraeneseos
1214 2536 1462 2582 exemplaria,
1478 2536 1552 2571 alia
1565 2536 1651 2572 aliis
1669 2537 1943 2584 auctiora,qui-

322 2598 484 2634 busdam
498 2604 564 2634 aut
577 2597 776 2644 detractis,
795 2602 861 2632 aut
879 2596 1035 2642 additis,
1054 2607 1121 2643 pro
1135 2594 1357 2630 conditione
1388 2597 1556 2631 locorum
1587 2595 1626 2631 in
1649 2595 1790 2643 quibus
1811 2597 1944 2642 vulga-

321 2658 476 2702 bantur,
496 2663 562 2693 aut
575 2656 829 2703 singularium
844 2666 1093 2702 personarum
1108 2654 1156 2690 ad
1169 2665 1330 2701 quarum
1345 2660 1590 2701 praesentem
1605 2655 1946 2692 accommodaban-

319 2720 383 2750 tur
396 2727 526 2751 usum.
550 2716 608 2750 Ex
626 2716 684 2751 his
702 2715 934 2762 comparatis
958 2715 1223 2762 Philippucius
1242 2727 1361 2750 unum
1386 2716 1707 2762 hoc·exemplum
1725 2716 1942 2759 contexuit3

316 2774 383 2810 cui
398 2774 515 2810 etiam
529 2775 692 2811 inseruit
706 2774 920 2810 versiculos
935 2775 1117 2811 affectum
1125 2774 1210 2822 puri
1224 2774 1364 2810 amoris
1378 2774 1417 2810 in
1431 2775 1558 2810 Deum
1573 2773 1945 2821 informantes‚quos

318 2844 390 2868 nos
409 2845 455 2868 ex
475 2832 679 2869 Cantilena
697 2834 822 2870 adhuc
853 2834 968 2870 hodie
996 2846 1063 2881 per
1082 2834 1211 2870 Indias
1240 2835 1279 2870 in
1308 2846 1380 2875 usu
1409 2845 1454 2869 ac
1467 2833 1666 2869 hominum
1686 2833 1870 2869 memoria
1888 2833 1945 2869 vi-

318 2898 453 2939 gente,
469 2893 697 2939 rhythmicis
715 2894 886 2930 numeris
911 2894 1066 2940 linguae
1091 2894 1337 2930 Lusitanicae
1356 2893 1435 2929 illic
1459 2893 1631 2939 vulgaris
1654 2904 1676 2928 a
1696 2892 1839 2928 Sancto
1858 2892 1942 2939 ipso

318 2951 501 2995 Xaverio,
516 2956 559 2987 ut
575 2951 651 2988 fert
665 2952 836 2998 traditio,
850 2953 1077 3000 composita,
1098 2953 1250 2999 Latino,
1266 2958 1309 2989 ut
1327 2952 1500 2999 proxime
1514 2951 1725 2999 potuimus,
1735 2956 1860 2987 metro
1875 2963 1940 2987 ex-

318 3020 532 3056 presmmus
542 3036 550 3046 .
561 3023 579 3043 »
