2018 3510
297 258 364 294 638
783 257 1051 292 MONUMENTA
1079 255 1328 292 XAVERIANA

251 374 358 416 gare
389 358 475 402 Dio
504 373 582 414 per
625 358 664 400 la
701 356 995 400 conuersione
1029 355 1132 399 delli
1171 356 1424 412 giapanesi,
1464 355 1553 400 deli
1591 355 1711 411 quali
1747 370 1859 400 sono
1922 358 1925 369 ¹

251 435 502 492 guardiani,
528 449 616 477 non
638 434 844 477 lassando
867 434 922 476 de
944 433 1155 476 inuocare
1178 432 1282 475 tutti
1303 432 1332 474 li
1355 432 1471 476 santi
1490 432 1634 486 Beati,
1654 433 1858 477 vedendo

253 519 375 556 tanta
398 511 644 568 perditione
672 511 716 552 d'
747 510 908 561 anime,
940 524 1114 565 sempre
1141 506 1401 565 sOspirando
1429 523 1507 566 per
1534 509 1577 552 la
1614 508 1858 552 saluatione

251 590 307 633 de
330 570 451 632 tante
473 588 667 644 imagine
689 594 733 630 et
755 586 1044 629 similitudine
1067 587 1122 628 de
1143 585 1245 638 Dio,
1272 586 1537 629 confidando
1560 585 1606 628 in
1629 600 1742 642 gran
1763 599 1858 628 ma-

252 665 373 709 niera
394 667 475 708 che
498 671 612 707 tutte
635 671 785 708 nostre
808 662 1085 719 negligentie
1107 669 1151 706 et
1173 662 1485 714 mancamenti,
1511 664 1566 706 de
1588 676 1678 705 non
1705 675 1858 705 racco-

251 741 477 786 mandarci
499 755 624 784 come
647 742 836 784 deuemo
858 755 882 782 a
906 746 1021 782 tutta
1042 740 1085 782 la
1106 746 1229 782 corte
1252 738 1490 790 celestiale,
1522 737 1811 794 suppliranno
1830 737 1861 781 li

253 818 378 862 Beati
400 818 444 861 di
467 826 616 860 nostra
640 816 932 873 Compagnia,
958 818 1042 859 che
1063 817 1104 858 la
1125 823 1286 859 stanno
1313 816 1662 871 representando
1690 829 1862 871 sempre

253 896 391 939 nostri
413 895 567 952 poueri
590 893 796 938 desiderii
820 894 905 936 alla
928 892 1191 937 Santissima
1214 892 1402 935 Trinita.

341 973 408 1015 26.
476 972 613 1015 Molto
636 970 674 1013 01
697 969 901 1026 bisognia
924 984 1001 1025 per
1023 976 1175 1012 nostra
1197 968 1505 1013 consolatione
1527 968 1654 1011 darui
1677 974 1801 1024 parte
1816 968 1861 1010 d'

252 1064 339 1092 vna
361 1064 471 1105 gran
497 1047 778 1091 solicitudine
801 1049 883 1090 che
906 1046 1127 1098 habiamo,
1153 1046 1361 1089 accioche
1383 1060 1468 1088 con
1491 1045 1630 1088 uostri
1659 1043 1863 1088 sacrificii

253 1132 297 1170 et
321 1125 510 1169 orationi
532 1125 571 1166 ci
601 1124 782 1176 aiutate,
814 1125 904 1166 ete
933 1125 1031 1175 che,
1074 1124 1264 1167 essendo
1292 1137 1317 1165 a
1344 1121 1430 1165 Dio
1459 1123 1516 1165 N.
1550 1123 1597 1166 S.
1629 1120 1862 1165 manifeste

256 1209 370 1246 tutte
392 1203 433 1245 le
456 1209 606 1245 nostre
628 1202 754 1256 colpe
777 1208 822 1244 et
850 1200 1008 1256 grandi
1038 1199 1225 1256 peccati,
1257 1199 1434 1242 viuemo
1463 1213 1549 1242 con
1575 1214 1636 1241 vn
1665 1212 1777 1254 gran
1805 1196 1861 1240 ti-

254 1293 375 1321 more
397 1281 479 1321 che
501 1278 603 1320 lassi
625 1279 681 1321 de
703 1277 810 1320 farci
833 1277 976 1333 gratia
997 1291 1075 1333 per
1098 1277 1382 1320 cominciarlo
1403 1292 1428 1319 a
1450 1275 1619 1320 seruire
1647 1289 1733 1318 con
1760 1289 1862 1331 per-

257 1355 537 1398 seueratione
558 1354 691 1397 insin’
717 1355 801 1397 alla
821 1355 925 1406 fine,
951 1368 999 1396 se
1022 1368 1111 1396 non
1134 1355 1233 1396 sara
1249 1354 1409 1397 alcuna
1425 1368 1537 1410 gran
1555 1350 1864 1396 emendatione

255 1432 299 1474 in
323 1431 413 1474 noi:
439 1438 483 1474 et
505 1445 582 1487 per
604 1437 762 1486 questo
784 1431 824 1473 ci
841 1432 865 1473 e
888 1430 1139 1474 necessario
1154 1430 1341 1486 pigliare
1358 1445 1436 1486 per
1453 1427 1735 1472 intercessori
1750 1427 1866 1470 nella
1920 1475 1925 1478 .

256 1515 373 1552 terra
398 1507 500 1550 tutti
525 1507 658 1563 quelli
681 1509 795 1551 della
817 1509 1057 1552 benedetta
1079 1507 1358 1563 Compagnia
1380 1506 1424 1549 di
1447 1507 1562 1558 Iesu,
1593 1519 1677 1548 con
1707 1503 1811 1547 tutti
1836 1502 1867 1546 li

255 1585 407 1628 deuoti
429 1592 473 1628 et
495 1584 623 1628 amici
646 1584 690 1627 di
713 1599 826 1637 essa,
853 1585 1062 1628 accioche
1084 1600 1163 1641 per
1183 1585 1279 1627 loro
1300 1582 1618 1628 intercessione
1639 1581 1779 1625 siamo
1798 1595 1864 1624 ra-

254 1661 497 1717 presentati
519 1669 563 1704 et
586 1661 913 1704 raccomandati
937 1677 962 1704 a
985 1661 1089 1704 tutti
1118 1661 1180 1718 gli
1204 1660 1331 1705 Beati
1361 1661 1433 1703 del
1454 1659 1582 1711 cielo,
1613 1664 1657 1702 et
1679 1656 1866 1714 special-

254 1745 403 1782 mente
426 1739 465 1781 al
488 1738 680 1795 Signore
701 1738 744 1781 di
768 1738 870 1791 essi,
896 1740 995 1782 Iesu
1019 1740 1119 1783 X.0,
1150 1745 1302 1780 nostro
1324 1737 1599 1788 Redentore,
1623 1742 1667 1778 et
1689 1734 1773 1777 alla
1794 1748 1866 1777 sa-

254 1815 500 1858 cratissima
523 1815 726 1871 Virgine,
751 1830 832 1858 sua
855 1822 1009 1867 matre,
1035 1815 1247 1858 accioche
1268 1813 1635 1857 continuamente
1656 1810 1696 1854 ci
1713 1824 1866 1854 racco-
1899 1819 1930 1870 Ji

254 1891 402 1934 mandi
425 1892 464 1934 al
489 1893 633 1936 Padre
656 1893 836 1947 Eterno,
861 1893 934 1935 dal
955 1893 1086 1947 quale
1109 1898 1226 1934 tutto
1247 1891 1276 1934 il
1298 1892 1412 1934 bene
1434 1903 1570 1933 nasce
1591 1895 1636 1933 et
1657 1886 1862 1944 procede,

255 1968 528 2024 pregandolo
550 1969 633 2012 che
655 1983 830 2024 sempre
853 1968 892 2011 ci
916 1967 1076 2024 guardi
1104 1968 1147 2010 d’
1174 1967 1436 2018 offenderlo,
1466 1981 1555 2010 non
1585 1964 1802 2009 cessando
1821 1961 1867 2006 di
1898 1963 1927 2023 J

259 2044 365 2087 farci
387 2044 597 2089 continue
620 2044 780 2101 gratie,
805 2059 894 2088 non
917 2044 1181 2101 guardando
1204 2059 1229 2086 a
1251 2050 1402 2087 nostre
1429 2041 1649 2094 scelerita,
1680 2054 1822 2084 senon
1842 2053 1869 2083 a

259 2135 341 2163 sua
361 2122 498 2164 bonta
520 2121 708 2174 infinita,
734 2121 892 2178 poiche
914 2136 992 2178 per
1013 2122 1108 2164 solo
1125 2135 1209 2164 suo
1232 2134 1380 2163 amore
1404 2133 1638 2164 uenemmo
1660 2132 1686 2161 a
1712 2123 1870 2173 queste
2016 2125 2018 2142 ³

260 2197 388 2252 parti,
413 2212 538 2240 come
559 2212 659 2241 esso
679 2199 794 2242 bene
816 2213 880 2251 sa,
905 2197 1126 2242 essendoli
1148 2197 1253 2240 tutti
1274 2195 1446 2240 inostri
1468 2195 1611 2250 cuori,
1635 2191 1870 2238 intentioni

261 2280 305 2315 et
327 2273 480 2329 poueri
501 2274 707 2318 desiderii
730 2275 966 2327 manifesti,
993 2276 1076 2319 che
1098 2288 1240 2317 sonno
1268 2274 1325 2317 de
1351 2273 1540 2317 liberare
1566 2270 1763 2323 l'anime,
1788 2270 1870 2312 che

263 2356 386 2392 tanto
411 2357 558 2406 tempo
580 2352 604 2394 e
627 2352 710 2394 che
733 2358 892 2395 stanno
913 2352 1028 2395 nelle
1045 2351 1165 2394 mani
1181 2350 1226 2393 di
1243 2349 1467 2402 Lucifero,
1489 2346 1718 2391 facendosi
1733 2343 1868 2390 d’essi

263 2426 446 2468 adorare
478 2440 604 2469 come
631 2427 717 2470 Dio
745 2429 861 2471 nella
889 2434 1021 2481 terra,
1052 2427 1210 2484 poiche
1246 2427 1320 2470 nel
1356 2425 1468 2469 01010
1495 2439 1586 2468 non
1613 2424 1660 2466 fu
1688 2427 1868 2480 potente
1895 2418 1935 2472 '‘21'

263 2515 342 2556 per
363 2509 535 2556 quest03
560 2509 605 2546 et
627 2503 745 2559 dipoi
765 2503 810 2546 di
832 2504 1052 2547 scacciato
1074 2504 1130 2547 da
1151 2504 1314 2559 quello,
1346 2500 1604 2558 s'ingegnia
1635 2499 1679 2543 di
1709 2500 1801 2542 fare
1826 2498 1868 2541 la

265 2578 492 2630 vendetta,
517 2586 685 2633 quanto
707 2581 811 2635 puo,
836 2595 999 2623 ancora
1021 2580 1125 2624 nelli
1149 2579 1259 2623 tristi
1277 2577 1517 2636 giapanesi.
1899 2571 1903 2575 ⁶

355 2664 425 2707 27.
489 2655 598 2698 Sara
618 2656 734 2699 bene
755 2658 837 2700 che
860 2656 903 2698 vi
924 2656 1069 2700 diamo
1091 2663 1225 2700 conto
1246 2655 1291 2699 di
1313 2661 1436 2712 parte
1457 2653 1502 2697 di
1518 2659 1671 2697 nostro
1692 2658 1811 2696 stare
1825 2649 1870 2693 in

270 2729 562 2785 Cangoxima.
589 2731 844 2775 Arriuiamo
867 2747 893 2775 a
915 2747 1015 2783 essa
1037 2734 1110 2777 nel
1132 2740 1280 2788 tempo
1301 2733 1385 2775 che
1405 2731 1436 2774 li
1458 2729 1582 2775 uenti
1609 2742 1745 2773 erano
1765 2740 1873 2771 con—
1938 2723 1946 2754 ³

268 2804 391 2848 trarii
428 2819 506 2860 per
527 2806 691 2850 andare
719 2821 744 2849 a
772 2809 941 2860 Meaeo,
982 2810 1065 2852 che
1093 2810 1118 2852 e
1143 2809 1187 2852 la
1215 2807 1431 2864 principal
1467 2805 1573 2850 citta
1599 2804 1646 2848 di
1679 2793 1912 2860 (ἓὶειρειῐι,ἶ
1932 2840 1945 2858 ,.

270 2881 386 2923 doue
407 2887 476 2924 sta
496 2880 528 2923 il
549 2883 614 2924 Re
636 2889 680 2925 et
701 2882 731 2924 li
753 2883 940 2939 magiori
961 2883 1130 2940 signori
1151 2885 1224 2928 del
1250 2897 1408 2941 regno,
1433 2890 1478 2926 et
1499 2896 1590 2925 non
1617 2880 1658 2924 ci
1684 2881 1710 2923 ὲ
1736 2874 1913 2925 vento}
1927 2875 1944 2930 1:

269 2958 352 2999 che
374 2956 414 2999 ci
436 2971 568 3000 serua
588 2971 666 3012 per
687 2957 750 3000 ire
767 2959 822 3010 la,
843 2973 982 3002 senon
1000 2960 1055 3003 de
1073 2959 1148 3014 qui
1165 2975 1191 3003 a
1211 2959 1372 3015 cinque
1388 2957 1514 3011 mesi3
1534 2964 1579 3002 et
1595 2971 1622 3000 a
1637 2955 1740 3011 quel
1757 2958 1903 3014 tem-j.¹
1932 2966 1945 3001 ,ἑ

271 3046 327 3089 po
349 3046 432 3076 con
454 3032 609 3076 l’aiuto
629 3033 686 3077 de
706 3033 794 3077 Dio
817 3035 1043 3089 andremo,
1067 3043 1112 3078 et
1139 3035 1179 3078 ci
1210 3050 1351 3079 sonno
1377 3035 1421 3078 di
1449 3033 1525 3090 qui
1547 3049 1573 3077 a
1600 3035 1755 3077 Meaeo
1785 3042 1869 3086 300
1886 3073 1894 3090 ,¹
