2018 3510
296 231 362 267 502
791 219 1064 254 MONUMENTA
1084 217 1336 252 XAVEmANA

251 324 308 367 de
331 323 500 366 Sancto
524 322 697 364 Thorne
720 327 809 364 tem
834 319 974 362 muita
997 319 1196 372 deuacao
1219 321 1245 359 a
1266 315 1410 372 igreia
1427 316 1488 358 de
1508 316 1676 373 Sancto
1694 315 1884 357 Thome.

253 401 290 442 E
312 414 338 441 a
360 405 506 450 outra,
534 412 623 453 que
645 399 701 440 he'
720 398 776 440 da
793 397 1039 449 inuocacao
1057 394 1112 437 de
1130 393 1392 449 Sanctiago,
1413 396 1509 435 esta
1525 392 1686 434 dentro
1704 391 1762 433 do
1779 391 1889 433 Col-

253 475 378 532 legio
402 476 461 517 do
486 475 633 517 Padre
657 475 753 529 frey
775 473 982 517 Vicente.
1008 469 1172 515 Deseia
1196 470 1280 514 elle
1302 468 1444 511 muito
1467 475 1535 513 ter
1564 469 1734 510 n’estas
1762 467 1887 523 igre-

256 552 322 595 ias
345 553 551 608 algumas
578 549 908 606 indulgencias,
941 562 1049 604 para
1080 547 1346 601 consolacao
1374 546 1458 588 dos
1488 549 1640 601 xpaos.
1673 558 1699 586 6
1731 557 1884 588 accre-

255 634 543 682 centamento
565 627 621 669 da
644 627 859 681 (16οἃοᾗοε
884 639 992 681 para
1014 623 1102 667 isto
1126 638 1207 667 uos
1229 637 1341 679 roga
1362 621 1505 665 muito
1528 636 1609 678 por
1631 620 1807 676 seruico
1830 621 1888 663 de

256 707 395 756 Deos,
421 719 510 760 que
533 718 612 759 por
638 702 710 745 uia
732 704 789 745 de
812 704 969 754 Roma,
995 715 1055 744 ou
1084 701 1142 743 do
1171 699 1360 752 Nuntio,
1392 712 1480 755 que
1501 702 1597 741 esta
1619 712 1689 741 em
1722 699 1889 740 Portu—

258 782 350 838 gal,
377 781 485 825 aiais
508 788 628 825 estas
651 794 811 836 gracas
834 793 922 834 que
946 793 1029 821 uos
1051 777 1216 820 manda
1237 775 1379 833 pedir.

346 859 446 901 Nao
469 857 577 913 digo
600 856 728 907 mais,
756 860 893 900 senao
916 869 1005 910 que
1026 856 1150 898 Deos
1172 868 1308 896 nosso
1331 854 1508 898 Senhor
1530 867 1613 895 nos
1635 851 1789 907 ajunte
1817 853 1894 893 n’a

259 949 341 978 sua
365 934 525 991 gloria.
551 934 714 977 Arnen.
1270 984 1273 986 v

346 1013 416 1054 De
439 1009 627 1053 Cochim
650 1024 675 1052 a
698 1010 786 1052 XX
809 1010 865 1053 de
883 1008 1067 1066 Janeiro
1089 1008 1147 1050 do
1169 1021 1287 1051 anno
1310 1007 1367 1049 (16
1396 1017 1520 1064 1549.

730 1087 878 1130 Vosso
900 1099 971 1128 em
993 1086 1072 1128 Χ.0
1096 1083 1358 1127 charissimo
1380 1085 1539 1135 Irmao,

1336 1161 1652 1204 FRANCISCUS.

351 1240 608 1295 Inscripiio.
636 1239 846 1284 Trellado
868 1239 925 1283 de
946 1245 1078 1281 outra
1099 1243 1224 1281 carta
1246 1238 1303 1280 do
1323 1239 1375 1280 Ρ.
1396 1239 1443 1281 M
1450 1241 1505 1281 ,te
1529 1238 1564 1280 F
1568 1236 1785 1288 rancisco,
1806 1249 1894 1291 que

259 1330 474 1361 escreueo
496 1331 549 1359 ao
576 1319 626 1359 Ρ.
653 1318 762 1360 Μ.ῒ6
791 1315 943 1360 Simao
965 1317 1043 1357 n'o
1066 1329 1186 1358 anno
1209 1315 1265 1358 de
1294 1325 1419 1371 1549.

384 1526 745 1557 PRAECEDENTIS
774 1526 1041 1556 EPISTOLAE
1070 1525 1287 1555 LATINUM
1316 1523 1711 1555 COMPLEMENTUM
1745 1511 1774 1553 ¹.

351 1639 391 1680 3.
459 1624 628 1681 Scripsi
651 1625 708 1668 ad
731 1627 784 1668 P.
811 1626 868 1668 N.
895 1623 1122 1681 Ignatium
1145 1630 1196 1667 ut
1217 1623 1299 1666 tibi
1317 1622 1451 1667 faciat
1466 1621 1678 1667 veniendi
1695 1629 1898 1678 potesta-

266 1710 373 1755 tem,
398 1702 598 1758 itemque
620 1703 677 1745 ad
699 1704 889 1759 Regem,
915 1708 967 1744 ut
989 1708 1033 1744 te
1054 1700 1208 1744 multis
1229 1700 1491 1744 comitatum
1514 1699 1674 1752 Sociis,
1705 1713 1896 1756 magna-

263 1795 351 1836 que
374 1794 478 1823 cum
506 1779 748 1824 autoritate
777 1779 823 1822 in
861 1778 1033 1822 Indiam
1070 1778 1235 1821 mittat.
1277 1778 1417 1835 Quod
1444 1777 1483 1821 si
1509 1775 1895 1838 contingetQmihi

263 1857 412 1909 crede,
437 1857 574 1913 longe
604 1855 760 1912 majori
789 1870 924 1912 quam
953 1863 1003 1899 tu
1023 1862 1175 1912 putas,
1209 1862 1315 1899 tuus
1351 1855 1574 1899 adventus
1611 1852 1897 1897 Christianae

264 1933 329 1978 rei
351 1933 435 1977 erit
458 1933 776 1976 emolumento.
805 1933 1014 1976 Alterum
1037 1932 1095 1977 de
1116 1946 1206 1987 quo
1222 1931 1382 1988 scripsi
1398 1931 1455 1975 ad
1472 1932 1661 1987 Regem,
1682 1929 1794 1972 illud
1809 1936 1895 1981 est,

265 2018 316 2053 ut
352 2010 558 2053 consulat
596 2008 915 2053 Lusitanorum
956 2008 1162 2066 pupillis,
1203 2023 1395 2064 quorum
1436 2006 1648 2051 videlicet
1689 2012 1901 2062 parentes

264 2086 428 2129 amissa
449 2101 529 2142 pro
552 2100 661 2143 rege
689 2085 799 2139 vita,
830 2087 999 2130 liberos
1023 2087 1158 2129 orbos
1179 2085 1428 2142 inopesque
1455 2083 1692 2140 reliquere,
1728 2082 1901 2139 stipen-

264 2163 389 2206 dium
407 2177 458 2206 ac
494 2162 665 2206 victum
687 2162 950 2219 parentibus
985 2162 1188 2206 debiturn
1211 2162 1497 2218 persolvente
1523 2159 1719 2204 nemine.
1746 2159 1902 2215 Quare

266 2254 360 2282 non
381 2247 501 2284 esset
522 2239 719 2283 alienum
741 2239 912 2296 aliquot
933 2239 981 2282 in
997 2239 1123 2283 India
1144 2238 1422 2283 constituere
1443 2236 1651 2294 collegia,
1676 2235 1755 2279 ubi
1777 2236 1894 2291 ejus-

266 2315 387 2358 modi
408 2315 564 2371 pupilli
586 2331 677 2360 non
699 2316 928 2361 alerentur
949 2317 1112 2369 solum,
1137 2316 1217 2359 sed
1233 2314 1368 2359 etiam
1386 2313 1688 2359 erudirentur.
1715 2314 1772 2355 Et
1789 2326 1900 2368 quo-

267 2391 387 2434 niam
424 2394 521 2435 Rex
557 2392 876 2450 indigenarum
913 2406 1094 2449 quoque
1131 2392 1265 2436 saluti
1302 2390 1559 2448 prospicere
1596 2390 1748 2442 debet,
1788 2403 1814 2433 e
1850 2401 1899 2431 re
1966 2395 1969 2399 '

269 2467 513 2511 christiana
543 2476 662 2514 esset
689 2470 903 2518 mandare
938 2476 989 2512 ut
1027 2468 1390 2513 Christianorum
1426 2467 1742 2523 indigenarum
1770 2463 1900 2509 liberi

269 2544 403 2589 certis
430 2545 476 2587 in
503 2546 613 2589 locis
643 2546 954 2591 imbuerentur
984 2545 1289 2591 Catechismo.
1321 2546 1478 2602 Itaque
1512 2543 1553 2588 ei
1582 2542 1731 2587 scribo
1766 2548 1817 2584 ut
1845 2555 1901 2586 ex

273 2620 466 2679 Bazaini}
492 2621 793 2678 vectigalibus
825 2622 877 2679 (si
904 2622 1126 2679 videatur)
1163 2621 1342 2666 circiter
1379 2620 1580 2676 quinque
1614 2631 1902 2662 nummorum

270 2711 510 2741 aureorum
532 2697 669 2740 millia
695 2697 898 2755 assignet
925 2701 983 2743 ad
1012 2699 1233 2755 ejusmodi
1262 2697 1457 2754 aliquam
1494 2697 1677 2740 domum
1699 2693 1906 2752 aperien-

345 2841 355 2861 ¹
405 2839 464 2874 Ex
494 2838 720 2881 TURSELL„
751 2840 836 2875 loco
863 2841 1042 2886 superius
1072 2841 1205 2876 citato.
1234 2839 1410 2883 Numeri,
1445 2838 1587 2886 quibus
1616 2836 1762 2873 diversi
1797 2846 1904 2882 para—

230 2945 242 2954 ,
270 2897 409 2945 graphi
432 2897 746 2943 distinguuntur,
772 2896 956 2933 divisioni
980 2899 1225 2935 aMenchaca
1239 2899 1366 2934 factae
1388 2897 1638 2945 respondent.
1655 2895 1844 2940 Adverte,
1863 2893 1903 2930 in

272 2956 441 2994 lusitano
456 2961 496 2993 et
509 2956 682 3004 hispanis
701 2957 891 3003 exemplis
906 2968 953 2992 ea
970 2961 1120 2993 tantum
1134 2957 1361 3002 desiderari,
1381 2968 1480 3004 quae
1504 2956 1552 2992 ad
1568 2953 1813 3003 particularia
1837 2964 1904 2989 ne-

267 3016 378 3061 gotia
394 3015 633 3052 referuntur.
