2018 3510
580 220 716 254 EPIST.
750 226 900 264 17·-¹S
929 220 1127 263 JANUARH
1158 231 1246 267 1541}
1616 227 1683 272 305

83 321 233 378 ‘quare
250 321 395 374 multi,
412 328 656 377 antequam
674 322 926 377 prandeant
942 328 987 363 et
1001 331 1211 375 coenent,
1230 338 1465 367 nummum
1485 329 1516 347 ⁵²
1538 328 1731 383 aliquem

92 400 149 443 ad
171 414 272 443 aras
310 398 512 454 quotidie
549 399 618 442 bis
641 400 852 441 afferunt:
887 398 949 440 illi
983 413 1109 452 uero,
1146 401 1363 444 saltantes
1392 409 1436 446 et
1460 403 1591 447 sistra
1620 407 1731 449 furi-

93 476 234 520 bundi
258 477 291 497 ⁵⁵
317 476 591 531 quatientes,
618 476 877 531 epulantur,
904 475 1022 518 idola
1052 483 1160 519 tunc
1184 478 1319 521 edere
1342 478 1516 523 miseris
1546 496 1733 536 persua-

93 555 268 607 dentes;
294 560 340 596 et
362 569 419 596 ne
441 553 551 609 ipsis
575 552 684 608 quid
706 552 823 596 desit
852 552 1011 595 dicunt
1033 555 1216 610 populo,
1244 556 1538 600 vehementer
1561 558 1735 603 infensa

90 646 191 676 esse
214 631 348 684 idola,
375 631 497 686 quod
521 631 738 686 imperata
761 645 850 672 non
882 630 1120 675 confestim
1152 631 1427 686 tribuantur,
1461 642 1506 675 et
1536 635 1618 677 nisi
1650 637 1733 679 sibi

92 708 390 765 prospiciant,
424 709 518 751 fore
555 715 605 750 ut
634 722 712 752 eos
740 707 950 750 occidant
978 708 1222 762 aerumnis,
1254 716 1300 752 et
1330 710 1663 755 calamitatibus
1699 716 1732 735 ⁵4

90 786 310 842 affligant,
337 793 416 829 aut
438 785 485 828 in
507 787 643 828 aedes
666 800 824 829 eorum
847 785 1057 828 demonia
1080 785 1278 829 mittant.
1307 788 1371 829 Ea
1395 787 1548 831 miseri
1571 805 1627 833 ne
1651 791 1735 832 sibi

88 863 303 908 eueniant
329 863 637 915 formidantes,
664 862 761 906 sine
784 877 910 905 mora
941 877 1058 917 quae
1091 865 1321 919 postulata
1354 872 1477 916 sunt,
1505 873 1583 908 aut
1606 868 1735 922 plura

88 942 239 995 etiam,
265 941 536 997 largiuntur.
564 942 613 983 In
637 940 702 983 eis
725 955 883 996 parum
908 947 977 982 est
1001 940 1184 983 uirtutis
1207 948 1253 983 et
1275 941 1525 996 literarum,
1554 945 1736 989 abunde

89 1034 197 1063 uero
219 1034 318 1062 eam
347 1018 561 1074 inopiam,
593 1017 799 1061 maliciae
822 1025 867 1060 et
897 1018 1107 1060 fraudum
1134 1018 1337 1062 omnium
1360 1021 1594 1063 affluentia
1623 1037 1733 1077 pen—

88 1105 172 1141 sat:
199 1098 327 1140 dolos
355 1103 400 1139 et
429 1095 703 1151 imposturas
736 1110 893 1139 eorum
925 1095 1031 1150 quia
1059 1111 1151 1138 non
1182 1110 1311 1139 cesso
1344 1098 1556 1141 omnibus
1589 1100 1734 1155 palam

89 1177 253 1227 facere,
281 1175 414 1217 ualde
437 1189 515 1218 eos
539 1175 655 1217 male
676 1175 830 1216 habet:
857 1172 941 1229 ipsi
966 1173 1074 1216 mihi
1104 1174 1187 1217 soli
1216 1189 1381 1219 arcane
1412 1176 1518 1218 fassi
1550 1185 1657 1219 sunt
1687 1192 1736 1221 se

88 1254 254 1310 populo
277 1253 525 1308 imponere:
552 1251 826 1295 necessitate
849 1259 1000 1294 autem
1025 1252 1152 1308 cogi3
1179 1266 1282 1295 cum
1307 1253 1427 1296 enim
1451 1254 1513 1295 nil
1537 1254 1659 1296 aliud
1689 1255 1734 1297 in

88 1330 218 1374 bonis
240 1329 438 1374 habeant
461 1344 596 1385 quam
620 1328 742 1371 idola
763 1329 838 1372 illa
861 1343 1013 1381 saxea,
1039 1330 1095 1373 de
1119 1329 1184 1373 eis
1206 1331 1327 1386 apud
1356 1332 1574 1386 populum
1605 1347 1733 1375 men-

88 1409 252 1452 tientes
274 1407 514 1464 pecuniam
537 1406 622 1449 sibi
646 1408 863 1449 conflant.
899 1407 1127 1462 Quoniam
1156 1422 1425 1463 persuasum
1459 1410 1629 1452 habent
1662 1425 1735 1454 me

86 1501 229 1530 unum
252 1486 381 1541 plura
403 1484 518 1527 scire
543 1499 676 1540 quam
705 1499 865 1528 omnes
895 1499 960 1537 se,
994 1484 1188 1540 plurima
1220 1486 1276 1527 ad
1306 1501 1378 1529 me
1408 1500 1597 1529 munera
1627 1487 1734 1529 mit—

87 1571 206 1618 tunt,
233 1578 350 1619 quae
370 1564 479 1605 dum
503 1577 526 1605 a
551 1577 623 1606 me
646 1562 960 1618 repudiantur,
987 1562 1141 1617 inique
1164 1563 1409 1606 admodum
1427 1571 1473 1606 et
1491 1563 1734 1620 impatien—

87 1649 154 1685 ter
178 1642 345 1694 ferunt3
371 1640 559 1683 mittunt
581 1639 805 1695 siquidem
830 1655 898 1691 ea,
931 1654 988 1682 ne
1020 1654 1177 1682 eorum
1207 1640 1398 1683 astutias
1427 1641 1730 1686 manifestem:

87 1721 313 1764 affirmant
335 1733 427 1761 non
450 1733 499 1762 se
527 1719 668 1761 latere
698 1732 840 1760 unum
871 1733 970 1761 esse
999 1719 1166 1770 Deum,
1199 1733 1341 1774 seque
1369 1718 1495 1761 illum
1526 1734 1605 1775 pro
1633 1735 1733 1764 mea

87 1798 234 1841 salute
255 1804 478 1839 oraturos.
506 1797 606 1851 Ego
624 1794 824 1837 uicissim
848 1794 913 1838 eis
936 1794 1122 1850 aliquid,
1148 1796 1270 1851 quod
1293 1795 1337 1838 in
1362 1804 1560 1840 mentem
1586 1797 1727 1850 uenit,

86 1890 250 1919 arcane
271 1873 390 1927 dico,
418 1880 575 1929 postea
597 1872 879 1928 simplicibus
903 1873 1032 1929 <quos
1055 1880 1205 1917 metus
1227 1880 1273 1916 et
1296 1874 1490 1916 formido
1513 1874 1599 1917 illis
1624 1874 1732 1917 facit

85 1952 319 2008 obnoxios)
330 1951 482 2008 aperio
500 1966 659 1995 eorum
679 1951 861 1994 fraudes
880 1958 925 1994 et
943 1950 1170 1995 elusiones
1188 1951 1244 1993 ad
1256 1951 1546 1994 raucedinem
1565 1967 1727 2007 usque,

83 2031 145 2075 ita
168 2038 218 2074 ut
239 2029 386 2082 multi,
414 2044 533 2072 uana
557 2028 798 2072 formidine
813 2027 1008 2080 liberati,
1029 2029 1164 2071 fidem
1184 2029 1413 2085 euangelii
1431 2029 1672 2086 accipiant:
1694 2030 1731 2073 si

78 2108 156 2152 vhic
184 2123 276 2151 non
307 2114 462 2152 essent
489 2106 536 2149 hi
564 2107 826 2162 deploratae
854 2105 1053 2149 malitiae
1086 2105 1308 2159 homines,
1345 2107 1541 2163 gentiles
1573 2122 1732 2152 omnes

83 2187 207 2229 nullo
245 2185 442 2242 negocio
474 2185 636 2229 fierent
665 2185 699 2206 ⁵³
724 2183 972 2227 christiani.
1005 2184 1175 2236 Aedes,
1209 2183 1285 2226 ubi
1309 2197 1412 2227 cum
1436 2184 1569 2228 idolis
1601 2185 1731 2228 habi—

84 2270 204 2318 tant,
230 2264 436 2320 pagodes
464 2263 765 2319 appellantur.

178 2353 194 2384 1
208 2354 244 2384 Ι.
312 2326 487 2384 Omnes
509 2338 706 2396 gentiles
728 2338 865 2381 huius
882 2338 1084 2395 regionis
1100 2353 1261 2395 parum
1283 2339 1454 2382 habent
1476 2338 1728 2393 literarum,

84 2417 279 2462 malitiae
302 2424 455 2462 autem
478 2417 581 2473 plus
607 2415 732 2459 satis.
760 2417 998 2459 Hactenus
1030 2430 1173 2458 unum
1202 2417 1439 2459 dumtaxat
1467 2417 1730 2461 bramenem

82 2510 272 2540 numero
295 2494 645 2539 christianorum
668 2493 837 2548 addidi,
864 2494 1059 2550 optimae
1081 2493 1249 2537 indolis
1272 2494 1625 2546 adolescentem,
1652 2495 1730 2549 qui

20 2628 22 2632 Ι
82 2573 360 2629 prouinciam
384 2572 560 2629 accepit
582 2571 966 2614 instituendorum
989 2586 1234 2627 puerorum
1257 2571 1304 2614 in
1327 2571 1432 2615 fide.
1460 2573 1582 2614 Dum
1606 2571 1728 2614 chri-

38 2687 45 2696 .
83 2650 330 2694 stianorum
353 2646 490 2694 urbes
529 2649 647 2703 uiso,
672 2649 840 2691 multos
863 2656 1100 2705 praetereo
1134 2650 1353 2706 pagodes‚
1390 2656 1436 2692 et
1468 2649 1586 2692 inter
1619 2649 1730 2692 alios

82 2741 222 2771 unum
244 2728 473 2785 praeterii,
496 2727 575 2770 ubi
598 2734 727 2771 erant
744 2728 984 2770 bramenes
1000 2726 1154 2782 plures
1172 2726 1399 2779 ducentis,
1423 2726 1516 2782 qui,
1544 2741 1648 2769 cum
1673 2727 1731 2768 ad

77 2819 148 2848 me
180 2806 430 2860 uenissent,
465 2805 583 2848 inter
606 2805 709 2856 alia,
736 2818 854 2859 quae
878 2804 997 2846 ultro
1023 2803 1229 2860 citroque
1249 2811 1442 2847 tractata
1466 2811 1589 2856 sunt,
1625 2818 1730 2859 per—

81 2890 321 2928 cunctatus
344 2899 445 2927 sum
477 2885 534 2926 ab
557 2882 638 2936 eis,
666 2881 776 2938 quid
798 2896 877 2926 eos
898 2881 1109 2925 iuberent
1142 2881 1263 2925 idola
1292 2896 1450 2926 eorum
1481 2869 1646 2932 facere,
1680 2887 1730 2922 ut

154 2992 184 3013 ⁵⁸³
235 2998 275 3027 et
292 2997 398 3037 cent,
418 3004 594 3037 numum,
613 3003 690 3026 ms.
894 2991 921 3011 ³⁵
971 2989 1184 3035 foribundi,
1205 3001 1283 3025 ms.

155 3051 188 3072 ³⁴
236 3051 409 3087 erumnis
428 3057 468 3087 et
486 3050 807 3095 callamitatibus,
827 3062 901 3085 ms.
935 3058 936 3061 ’
1065 3076 1067 3079 v
1114 3050 1145 3070 ⁵⁵
1195 3048 1340 3093 fierint,
1361 3060 1438 3083 ms.

228 3121 362 3150 ΜοΝυΜ.
384 3122 476 3150 ΧΑν.
1479 3119 1515 3146 22
