2018 3510
326 206 396 251 304
829 208 1106 243 MONUMENTA
1133 209 1388 243 XAVERIANA

277 309 335 352 ad
358 310 532 365 Regem
555 310 769 354 scribere.
797 311 910 353 Tam
933 309 1066 353 auide
1091 309 1160 352 uir
1181 309 1256 354 ille
1273 311 1420 352 bonus
1437 310 1580 353 esurit
1601 318 1647 354 et
1669 311 1764 356 sitit
1780 313 1915 357 fidem

275 385 477 428 omnium
500 386 755 443 gentilium,
782 394 832 430 ut
855 386 1094 430 donauerit
1111 401 1347 429 nummum
1365 387 1462 431 auri
1480 394 1674 442 quatuor
1691 389 1828 432 millia
1845 390 1916 434 his

276 463 353 518 qui
391 462 512 506 omni
550 463 786 520 diligentia
824 463 869 506 in
899 463 1089 506 urbibus
1116 477 1261 518 nuper
1289 463 1637 515 christianorum
1676 466 1913 510 ueritatem

274 541 561 597 profitentur.

364 633 406 675 9.
473 618 705 674 Superiori
730 633 849 661 anno
871 616 1028 673 scripsi
1051 618 1108 659 ad
1131 631 1214 660 uos
1237 617 1282 659 in
1305 617 1492 663 ciuitate
1515 620 1616 662 Goa
1633 620 1860 664 aedificari
1878 619 1911 642 ²²

275 696 535 752 collegium:
562 695 608 738 in
630 710 684 738 eo
706 695 794 738 iam
812 702 919 738 sunt
936 693 1065 737 multi
1083 695 1411 748 adolescentes,
1433 711 1590 740 omnes
1606 712 1631 739 a
1648 697 1915 753 paganismo

274 772 376 816 orti.
413 774 591 816 Horum
621 773 738 816 intra
766 771 945 828 collegii
975 786 1143 824 muros,
1178 771 1255 814 ubi
1283 773 1426 815 multa
1454 780 1561 815 sunt
1590 774 1810 827 aedificia,
1842 775 1916 818 alii

273 850 460 907 linguae
481 850 649 893 latinae
672 851 782 892 dant
804 864 1004 905 operam,
1030 848 1105 891 alii
1135 851 1420 894 characteres
1450 851 1643 894 formare
1672 857 1719 894 et
1746 852 1917 908 legere,

274 927 348 971 alii
367 928 508 971 uerba
526 926 829 980 latina,dubia
846 927 996 969 adhuc
1013 925 1172 982 lingua
1189 941 1352 969 sonare
1370 926 1566 970 discunt.
1588 928 1735 971 Adest
1751 929 1816 973 eis
1833 931 1915 973 do—

273 1004 424 1048 minus
449 1006 635 1057 Paulus,
663 1019 741 1060 per
763 1003 973 1060 singulos
996 1004 1092 1047 dies
1114 1003 1222 1060 ipsis
1246 1004 1522 1058 sacrificans,
1548 1019 1704 1048 eorum
1733 1007 1914 1051 confes-

273 1081 427 1126 siones
460 1082 664 1134 audiens,
702 1097 727 1124 a
759 1080 966 1124 doctrina
1003 1080 1224 1137 spirituali
1255 1096 1489 1137 nunquam
1522 1097 1721 1135 cessans,
1757 1087 1912 1126 curam

273 1160 446 1203 habens
484 1158 619 1202 etiam
657 1173 807 1201 rerum
845 1157 1162 1213 corporalium,
1202 1157 1368 1213 quibus
1407 1166 1546 1215 egent
1581 1160 1907 1204 adolescentes.

274 1235 531 1292 Collegium
556 1237 642 1278 hoc
665 1235 779 1278 adeo
801 1249 1020 1291 magnum
1043 1241 1128 1287 est,
1154 1241 1205 1277 ut
1233 1236 1386 1291 plures
1407 1250 1543 1290 quam
1572 1236 1848 1293 quingentos
1877 1237 1910 1259 ⁹³

274 1327 437 1369 capere
457 1312 616 1369 possit,
638 1327 807 1367 eosque
824 1311 918 1354 suis
935 1311 1236 1368 prouentibus
1258 1313 1394 1365 alere,
1416 1313 1713 1369 erogantibus
1736 1314 1771 1334 ²⁴
1793 1315 1909 1357 mul-

273 1390 330 1433 tis
348 1390 478 1433 bonis
498 1389 606 1432 uiris
623 1389 919 1434 eleemosinas
935 1390 990 1442 ²³,
1010 1396 1055 1432 et
1073 1390 1393 1434 Gubernatore
1410 1389 1507 1446 ipso
1524 1391 1912 1436 abundantissime

274 1466 424 1510 omnia
461 1466 700 1522 largiente.
744 1467 895 1509 Debet
923 1465 1060 1509 huius
1086 1465 1312 1509 institutio
1340 1466 1521 1523 collegii
1554 1469 1691 1524 (quod
1725 1476 1913 1512 uocatur

272 1546 469 1590 Sanctae
491 1545 526 1587 F
530 1543 633 1599 idei)
657 1543 754 1586 iure
777 1544 810 1565 ²⁶
842 1558 1000 1586 omnes
1029 1544 1280 1589 accendere
1308 1558 1360 1586 ac
1453 1544 1702 1599 stimulare,
1735 1552 1786 1588 ut
1813 1548 1912 1590 Deo

272 1620 573 1677 omnipotenti
596 1621 767 1677 gratias
789 1627 930 1677 agant
958 1620 1247 1664 immortales.
1282 1622 1406 1665 Ante
1435 1623 1601 1665 multos
1630 1637 1773 1666 annos
1800 1638 1911 1667 con-

272 1700 379 1752 fido,
405 1713 484 1755 per
506 1698 594 1743 Dei
622 1697 994 1750 misericordiam,
1020 1712 1177 1741 eorum
1205 1699 1376 1753 labore,
1408 1699 1486 1754 qui
1513 1699 1560 1742 in
1588 1702 1675 1743 hoc
1702 1701 1910 1758 Collegio

269 1776 412 1821 literis
450 1782 632 1827 uacant,
665 1790 905 1818 numerum
944 1775 1292 1818 christianorum
1331 1776 1575 1819 admodum
1605 1785 1908 1834 augmentan-

268 1854 392 1905 dum,
419 1860 465 1896 et
488 1852 717 1895 Ecclesiae
740 1853 775 1874 ²³
800 1851 966 1896 limites
988 1853 1126 1908 longe
1148 1853 1331 1908 lateque
1352 1854 1666 1909 proferendos.

363 1944 428 1974 Io.
497 1931 577 1973 Est
599 1929 717 1973 inter
738 1929 875 1972 huius
898 1929 1098 1985 regionis
1121 1929 1316 1986 gentiles
1348 1944 1497 1986 genus
1528 1931 1763 1974 hominum
1793 1947 1907 1988 quo-

270 2009 492 2061 rumdam,
529 2007 607 2063 qui
635 2009 873 2050 bramenes
902 2007 1202 2063 appellantur.
1236 2009 1445 2050 Errorem
1478 2008 1718 2064 gentilium
1750 2009 1910 2053 iuuant

271 2092 565 2141 tuenturque,
586 2099 741 2128 curam
762 2085 968 2127 fanorum
985 2085 1171 2137 habent,
1192 2084 1238 2127 in
1262 2084 1428 2140 quibus
1451 2093 1558 2128 sunt
1580 2085 1714 2129 idola:
1740 2086 1906 2131 morta-

269 2162 379 2204 lium
397 2162 615 2214 omnium,
637 2161 715 2216 qui
733 2162 819 2204 sub
835 2162 962 2204 coelo
980 2162 1014 2183 ²⁹
1033 2168 1157 2213 sunt,
1178 2161 1460 2217 nequissimi,
1487 2164 1543 2206 de
1560 2162 1725 2219 quibus
1749 2164 1908 2207 merito

270 2239 466 2295 intelligi
488 2246 637 2294 potest
664 2238 776 2281 illud
800 2240 1071 2294 Prophetae:
1096 2240 1168 2281 De
1184 2243 1321 2296 gente
1343 2254 1435 2282 non
1457 2244 1628 2293 sancta,
1651 2241 1706 2283 ab
1727 2240 1907 2284 homine

269 2317 427 2372 iniquo
449 2319 488 2358 et
510 2316 656 2358 doloso
679 2317 801 2371 eripe
827 2330 898 2358 me
927 2317 978 2358 ³⁰.
1013 2317 1132 2360 Sunt
1162 2316 1368 2361 homines
1398 2331 1631 2372 nunquam
1670 2333 1727 2362 ex
1756 2318 1906 2362 animo

270 2394 393 2448 quod
416 2393 614 2436 sentiant
636 2394 902 2447 eloquentes
925 2395 978 2446 ⁵¹,
1003 2394 1125 2449 apud
1148 2408 1195 2436 se
1217 2393 1414 2446 assidue,
1441 2396 1671 2449 quomodo
1693 2409 1773 2451 per
1800 2411 1905 2439 suas

270 2469 461 2513 astutias
499 2469 687 2514 miseros
721 2477 766 2513 et
798 2469 1026 2526 simplices
1055 2470 1432 2524 circumueniant‚
1466 2472 1739 2516 uolutantes.
1767 2474 1906 2516 Affir-

270 2555 395 2590 mant
417 2547 538 2589 idola
559 2547 823 2590 hominibus
845 2548 1060 2590 mandare
1083 2555 1133 2590 ut
1154 2549 1268 2592 haec
1290 2555 1369 2592 aut
1396 2548 1471 2591 illa
1498 2549 1803 2603 immolentur,
1837 2549 1905 2592 vi—

269 2623 451 2676 delicet,
487 2623 730 2679 splendide.
749 2623 1021 2668 mentientes
1049 2632 1094 2667 et
1122 2624 1517 2670 comminiscentes
1549 2640 1618 2680 ea,
1651 2633 1701 2669 ut
1723 2641 1902 2680 uxores,

269 2701 386 2744 filios
424 2701 545 2744 alant
583 2708 629 2744 et
658 2700 887 2743 familiam.
914 2701 1038 2744 Idola
1065 2702 1201 2746 edere
1228 2702 1509 2758 simplicibus
1540 2703 1677 2748 fidem
1717 2702 1902 2756 faciunt3

1389 1545 1424 1565 27

339 2845 371 2864 ²²
423 2842 609 2889 edificari,
639 2854 717 2878 ms.
868 2844 900 2864 ²³
950 2843 1183 2890 quingento,
1208 2857 1281 2880 ms.
1427 2846 1460 2867 ²⁴
1510 2845 1804 2892 errogantibus'‚
1829 2852 1900 2880 ms,

340 2903 372 2924 “²⁵
423 2902 672 2948 elemosinas,
691 2914 767 2937 ms,
920 2904 952 2924 ²⁸
998 2903 1121 2949 jures,
1141 2915 1214 2940 ms.
1383 2908 1413 2927 ²⁷
1465 2917 1501 2952 a,
1519 2909 1597 2941 ms'.

338 2963 368 2983 2⁸
418 2961 777 3008 augumentandum
797 2966 836 2997 et
855 2961 1038 3008 ecclesie,
1058 2975 1135 2998 φης.
1286 2965 1318 2987 ²⁹
1367 2966 1467 3009 celo,
1486 2977 1564 3000 τηε.

340 3022 372 3043 ³⁰
422 3022 489 3057 PS.
509 3022 633 3068 XLII,
656 3029 670 3056 Ι
684 3050 691 3056 .
844 3022 873 3043 ⁵¹
925 3022 1185 3068 elloquentes,
1212 3035 1285 3059 ms.
