<?xml version="1.0" encoding="UTF-8"?>
<!DOCTYPE html PUBLIC "-//W3C//DTD XHTML 1.0 Transitional//EN"
    "http://www.w3.org/TR/xhtml1/DTD/xhtml1-transitional.dtd">
<html xmlns="http://www.w3.org/1999/xhtml" xml:lang="en" lang="en">
 <head>
  <title>
</title>
<meta http-equiv="Content-Type" content="text/html;charset=utf-8" />
  <meta name='ocr-system' content='tesseract 3.04.00' />
  <meta name='ocr-capabilities' content='ocr_page ocr_carea ocr_par ocr_line ocrx_word'/>
</head>
<body>
  <div class='ocr_page' id='page_1' title='image "./monumentaxaveria1601fran_0567.png"; bbox 0 0 2018 3510; ppageno 0'>
   <div class='ocr_carea' id='block_1_1' title="bbox 632 218 1690 266">
    <p class='ocr_par' dir='ltr' id='par_1_1' title="bbox 632 218 1690 266">
     <span class='ocr_line' id='line_1_1' title="bbox 632 218 1690 266; baseline 0.001 -12"><span class='ocrx_word' id='word_1_1' title='bbox 632 220 770 255; x_wconf 70' lang='lat' dir='ltr'><strong>Emsr.</strong></span> <span class='ocrx_word' id='word_1_2' title='bbox 798 218 954 254; x_wconf 88' lang='lat' dir='ltr'><strong>80.-2o</strong></span> <span class='ocrx_word' id='word_1_3' title='bbox 981 219 1093 264; x_wconf 87' lang='lat' dir='ltr'>JUN11</span> <span class='ocrx_word' id='word_1_4' title='bbox 1122 227 1212 264; x_wconf 80' lang='lat'>1549</span> <span class='ocrx_word' id='word_1_5' title='bbox 1623 230 1690 266; x_wconf 78' lang='lat'><strong>529</strong></span> 
     </span>
    </p>
   </div>
   <div class='ocr_carea' id='block_1_2' title="bbox 0 319 1779 2986">
    <p class='ocr_par' dir='ltr' id='par_1_2' title="bbox 0 319 1779 2986">
     <span class='ocr_line' id='line_1_2' title="bbox 109 319 1739 379; baseline -0.001 -11"><span class='ocrx_word' id='word_1_6' title='bbox 109 326 392 379; x_wconf 80' lang='lat' dir='ltr'><strong>frequentant</strong></span> <span class='ocrx_word' id='word_1_7' title='bbox 413 328 573 377; x_wconf 88' lang='lat' dir='ltr'><strong>sponte</strong></span> <span class='ocrx_word' id='word_1_8' title='bbox 591 321 883 365; x_wconf 77' lang='lat' dir='ltr'>Sacramenta</span> <span class='ocrx_word' id='word_1_9' title='bbox 907 319 1221 364; x_wconf 88' lang='lat' dir='ltr'><strong>Confessionis</strong></span> <span class='ocrx_word' id='word_1_10' title='bbox 1243 326 1288 362; x_wconf 91' lang='lat' dir='ltr'><strong>et</strong></span> <span class='ocrx_word' id='word_1_11' title='bbox 1311 320 1673 373; x_wconf 80' lang='lat' dir='ltr'><strong>Communionis3</strong></span> <span class='ocrx_word' id='word_1_12' title='bbox 1695 330 1739 366; x_wconf 90' lang='lat' dir='ltr'><strong>et</strong></span> 
     </span>
     <span class='ocr_line' id='line_1_3' title="bbox 110 395 1740 453; baseline -0.002 -8"><span class='ocrx_word' id='word_1_13' title='bbox 110 402 164 446; x_wconf 91' lang='lat' dir='ltr'><strong>ad</strong></span> <span class='ocrx_word' id='word_1_14' title='bbox 186 403 271 443; x_wconf 93' lang='lat' dir='ltr'><strong>hoc</strong></span> <span class='ocrx_word' id='word_1_15' title='bbox 293 398 528 442; x_wconf 92' lang='lat' dir='ltr'><strong>nobiscum</strong></span> <span class='ocrx_word' id='word_1_16' title='bbox 550 397 634 440; x_wconf 90' lang='lat' dir='ltr'><strong>iter</strong></span> <span class='ocrx_word' id='word_1_17' title='bbox 655 396 922 453; x_wconf 81' lang='lat' dir='ltr'>ingentibus</span> <span class='ocrx_word' id='word_1_18' title='bbox 943 395 1175 439; x_wconf 78' lang='lat' dir='ltr'><strong>desideriis</strong></span> <span class='ocrx_word' id='word_1_19' title='bbox 1199 403 1421 452; x_wconf 89' lang='lat' dir='ltr'><strong>urgentur</strong></span> <span class='ocrx_word' id='word_1_20' title='bbox 1450 398 1740 441; x_wconf 86' lang='lat' dir='ltr'><strong>adducendo-</strong></span> 
     </span>
     <span class='ocr_line' id='line_1_4' title="bbox 111 473 1332 530; baseline -0.006 -8"><span class='ocrx_word' id='word_1_21' title='bbox 111 493 209 522; x_wconf 90' lang='lat' dir='ltr'><strong>rum</strong></span> <span class='ocrx_word' id='word_1_22' title='bbox 232 477 288 520; x_wconf 91' lang='lat' dir='ltr'><strong>ad</strong></span> <span class='ocrx_word' id='word_1_23' title='bbox 312 474 481 519; x_wconf 84' lang='lat' dir='ltr'><strong>Christi</strong></span> <span class='ocrx_word' id='word_1_24' title='bbox 504 473 790 530; x_wconf 80' lang='lat' dir='ltr'><strong>Religionem</strong></span> <span class='ocrx_word' id='word_1_25' title='bbox 814 473 1106 530; x_wconf 84' lang='lat' dir='ltr'><strong>Popularium</strong></span> <span class='ocrx_word' id='word_1_26' title='bbox 1130 488 1332 515; x_wconf 89' lang='lat' dir='ltr'><strong>suorum.</strong></span> 
     </span>
     <span class='ocr_line' id='line_1_5' title="bbox 201 549 1744 609; baseline 0 -13"><span class='ocrx_word' id='word_1_27' title='bbox 201 567 240 609; x_wconf 81' lang='lat'><strong>3.</strong></span> <span class='ocrx_word' id='word_1_28' title='bbox 307 551 605 596; x_wconf 87' lang='lat' dir='ltr'><strong>Pervenimus</strong></span> <span class='ocrx_word' id='word_1_29' title='bbox 640 552 747 603; x_wconf 92' lang='lat' dir='ltr'><strong>huc,</strong></span> <span class='ocrx_word' id='word_1_30' title='bbox 780 564 860 593; x_wconf 80' lang='lat' dir='ltr'><strong>sex</strong></span> <span class='ocrx_word' id='word_1_31' title='bbox 888 564 1002 606; x_wconf 88' lang='lat' dir='ltr'><strong>quos</strong></span> <span class='ocrx_word' id='word_1_32' title='bbox 1031 549 1308 601; x_wconf 86' lang='lat' dir='ltr'><strong>enumeravi,</strong></span> <span class='ocrx_word' id='word_1_33' title='bbox 1352 551 1570 593; x_wconf 83' lang='lat' dir='ltr'><strong>Malacam</strong></span> <span class='ocrx_word' id='word_1_34' title='bbox 1604 553 1744 607; x_wconf 85' lang='lat' dir='ltr'><strong>pridie</strong></span> 
     </span>
     <span class='ocr_line' id='line_1_6' title="bbox 0 596 1749 686; baseline -0.002 -10"><span class='ocrx_word' id='word_1_35' title='bbox 0 596 3 676; x_wconf 70' lang='grc' dir='ltr'>Ξ</span> <span class='ocrx_word' id='word_1_36' title='bbox 114 630 336 676; x_wconf 88' lang='lat' dir='ltr'><strong>Kalendas</strong></span> <span class='ocrx_word' id='word_1_37' title='bbox 353 628 513 686; x_wconf 91' lang='lat' dir='ltr'><strong>Junias</strong></span> <span class='ocrx_word' id='word_1_38' title='bbox 537 627 660 671; x_wconf 88' lang='lat' dir='ltr'><strong>Anni</strong></span> <span class='ocrx_word' id='word_1_39' title='bbox 683 628 1008 672; x_wconf 75' lang='lat' dir='ltr'><strong>CIDIOXLIX.</strong></span> <span class='ocrx_word' id='word_1_40' title='bbox 1032 626 1166 670; x_wconf 87' lang='lat' dir='ltr'><strong>Arcis</strong></span> <span class='ocrx_word' id='word_1_41' title='bbox 1189 627 1459 671; x_wconf 89' lang='lat' dir='ltr'><strong>Malacensis</strong></span> <span class='ocrx_word' id='word_1_42' title='bbox 1484 630 1749 673; x_wconf 81' lang='lat' dir='ltr'><strong>Praefectus</strong></span> 
     </span>
     <span class='ocr_line' id='line_1_7' title="bbox 1 677 1747 780; baseline -0.002 -28"><span class='ocrx_word' id='word_1_43' title='bbox 1 677 6 780; x_wconf 77' lang='grc' dir='ltr'>Ξ</span> <span class='ocrx_word' id='word_1_44' title='bbox 115 706 286 763; x_wconf 84' lang='lat' dir='ltr'><strong>excepit</strong></span> <span class='ocrx_word' id='word_1_45' title='bbox 308 721 392 748; x_wconf 90' lang='lat' dir='ltr'><strong>nos</strong></span> <span class='ocrx_word' id='word_1_46' title='bbox 414 719 571 749; x_wconf 90' lang='lat' dir='ltr'><strong>omnes</strong></span> <span class='ocrx_word' id='word_1_47' title='bbox 593 704 757 748; x_wconf 82' lang='lat' dir='ltr'><strong>eximia</strong></span> <span class='ocrx_word' id='word_1_48' title='bbox 778 703 980 747; x_wconf 87' lang='lat' dir='ltr'><strong>caritate:</strong></span> <span class='ocrx_word' id='word_1_49' title='bbox 1006 704 1269 759; x_wconf 85' lang='lat' dir='ltr'><strong>prolixeque</strong></span> <span class='ocrx_word' id='word_1_50' title='bbox 1292 704 1454 746; x_wconf 91' lang='lat' dir='ltr'><strong>detulit</strong></span> <span class='ocrx_word' id='word_1_51' title='bbox 1482 705 1704 760; x_wconf 83' lang='lat' dir='ltr'><strong>quidquid</strong></span> <span class='ocrx_word' id='word_1_52' title='bbox 1722 725 1747 750; x_wconf 84' lang='lat' dir='ltr'><strong>a</strong></span> 
     </span>
     <span class='ocr_line' id='line_1_8' title="bbox 5 780 1747 845; baseline 0 -18"><span class='ocrx_word' id='word_1_53' title='bbox 5 790 8 845; x_wconf 69' lang='grc' dir='ltr'>Ξ</span> <span class='ocrx_word' id='word_1_54' title='bbox 115 802 162 830; x_wconf 89' lang='lat' dir='ltr'><strong>se</strong></span> <span class='ocrx_word' id='word_1_55' title='bbox 183 783 325 840; x_wconf 91' lang='lat' dir='ltr'><strong>optari</strong></span> <span class='ocrx_word' id='word_1_56' title='bbox 347 781 484 825; x_wconf 90' lang='lat' dir='ltr'><strong>studii</strong></span> <span class='ocrx_word' id='word_1_57' title='bbox 508 788 552 826; x_wconf 90' lang='lat' dir='ltr'><strong>et</strong></span> <span class='ocrx_word' id='word_1_58' title='bbox 581 780 747 824; x_wconf 88' lang='lat' dir='ltr'><strong>favoris</strong></span> <span class='ocrx_word' id='word_1_59' title='bbox 778 787 929 836; x_wconf 91' lang='lat' dir='ltr'><strong>posset</strong></span> <span class='ocrx_word' id='word_1_60' title='bbox 957 781 1014 823; x_wconf 89' lang='lat' dir='ltr'><strong>ad</strong></span> <span class='ocrx_word' id='word_1_61' title='bbox 1042 780 1373 836; x_wconf 86' lang='lat' dir='ltr'><strong>expediendum</strong></span> <span class='ocrx_word' id='word_1_62' title='bbox 1403 788 1448 824; x_wconf 91' lang='lat' dir='ltr'><strong>et</strong></span> <span class='ocrx_word' id='word_1_63' title='bbox 1477 796 1747 836; x_wconf 84' lang='lat' dir='ltr'><strong>promoven—</strong></span> 
     </span>
     <span class='ocr_line' id='line_1_9' title="bbox 6 847 1750 960; baseline -0.001 -56"><span class='ocrx_word' id='word_1_64' title='bbox 6 847 12 960; x_wconf 80' lang='grc' dir='ltr'>Ξ</span> <span class='ocrx_word' id='word_1_65' title='bbox 115 864 219 906; x_wconf 89' lang='lat' dir='ltr'><strong>dum</strong></span> <span class='ocrx_word' id='word_1_66' title='bbox 242 862 327 903; x_wconf 93' lang='lat' dir='ltr'><strong>hoc</strong></span> <span class='ocrx_word' id='word_1_67' title='bbox 350 866 555 901; x_wconf 89' lang='lat' dir='ltr'><strong>nostrum</strong></span> <span class='ocrx_word' id='word_1_68' title='bbox 578 857 678 909; x_wconf 90' lang='lat' dir='ltr'><strong>iter,</strong></span> <span class='ocrx_word' id='word_1_69' title='bbox 705 858 826 912; x_wconf 89' lang='lat' dir='ltr'><strong>quod</strong></span> <span class='ocrx_word' id='word_1_70' title='bbox 847 871 1015 913; x_wconf 92' lang='lat' dir='ltr'><strong>magna</strong></span> <span class='ocrx_word' id='word_1_71' title='bbox 1036 872 1116 912; x_wconf 90' lang='lat' dir='ltr'><strong>spe</strong></span> <span class='ocrx_word' id='word_1_72' title='bbox 1138 859 1237 900; x_wconf 92' lang='lat' dir='ltr'><strong>Deo</strong></span> <span class='ocrx_word' id='word_1_73' title='bbox 1260 857 1550 909; x_wconf 90' lang='lat' dir='ltr'><strong>inserviendi,</strong></span> <span class='ocrx_word' id='word_1_74' title='bbox 1577 867 1622 902; x_wconf 91' lang='lat' dir='ltr'><strong>et</strong></span> <span class='ocrx_word' id='word_1_75' title='bbox 1650 863 1750 904; x_wconf 89' lang='lat' dir='ltr'><strong>Ma-</strong></span> 
     </span>
     <span class='ocr_line' id='line_1_10' title="bbox 10 933 1749 1007; baseline -0.002 -25"><span class='ocrx_word' id='word_1_76' title='bbox 10 973 13 1007; x_wconf 81' lang='lat' dir='ltr'><strong>l</strong></span> <span class='ocrx_word' id='word_1_77' title='bbox 112 937 261 995; x_wconf 90' lang='lat' dir='ltr'><strong>jestati</strong></span> <span class='ocrx_word' id='word_1_78' title='bbox 285 938 410 979; x_wconf 90' lang='lat' dir='ltr'><strong>Tuae</strong></span> <span class='ocrx_word' id='word_1_79' title='bbox 433 934 735 991; x_wconf 88' lang='lat' dir='ltr'><strong>gratificandi,</strong></span> <span class='ocrx_word' id='word_1_80' title='bbox 762 933 1061 989; x_wconf 83' lang='lat' dir='ltr'><strong>suscepimus:</strong></span> <span class='ocrx_word' id='word_1_81' title='bbox 1087 948 1191 976; x_wconf 86' lang='lat' dir='ltr'><strong>mox</strong></span> <span class='ocrx_word' id='word_1_82' title='bbox 1219 935 1462 978; x_wconf 90' lang='lat' dir='ltr'><strong>verborum</strong></span> <span class='ocrx_word' id='word_1_83' title='bbox 1492 937 1749 979; x_wconf 90' lang='lat' dir='ltr'><strong>humanita-</strong></span> 
     </span>
     <span class='ocr_line' id='line_1_11' title="bbox 11 1010 1749 1083; baseline 0 -25"><span class='ocrx_word' id='word_1_84' title='bbox 11 1010 16 1083; x_wconf 75' lang='grc' dir='ltr'>Ξ</span> <span class='ocrx_word' id='word_1_85' title='bbox 118 1024 205 1060; x_wconf 90' lang='lat' dir='ltr'><strong>tem</strong></span> <span class='ocrx_word' id='word_1_86' title='bbox 227 1013 477 1057; x_wconf 87' lang='lat' dir='ltr'><strong>officiorum</strong></span> <span class='ocrx_word' id='word_1_87' title='bbox 500 1011 741 1055; x_wconf 90' lang='lat' dir='ltr'><strong>sedulitate</strong></span> <span class='ocrx_word' id='word_1_88' title='bbox 762 1010 1008 1066; x_wconf 90' lang='lat' dir='ltr'><strong>superavit.</strong></span> <span class='ocrx_word' id='word_1_89' title='bbox 1035 1012 1100 1053; x_wconf 89' lang='lat' dir='ltr'><strong>Ita</strong></span> <span class='ocrx_word' id='word_1_90' title='bbox 1122 1010 1241 1054; x_wconf 89' lang='lat' dir='ltr'><strong>enim</strong></span> <span class='ocrx_word' id='word_1_91' title='bbox 1265 1012 1512 1055; x_wconf 87' lang='lat' dir='ltr'><strong>elaboravit</strong></span> <span class='ocrx_word' id='word_1_92' title='bbox 1536 1013 1580 1055; x_wconf 92' lang='lat' dir='ltr'><strong>in</strong></span> <span class='ocrx_word' id='word_1_93' title='bbox 1609 1028 1749 1069; x_wconf 91' lang='lat' dir='ltr'><strong>quae-</strong></span> 
     </span>
     <span class='ocr_line' id='line_1_12' title="bbox 13 1084 1753 1151; baseline -0.001 -15"><span class='ocrx_word' id='word_1_94' title='bbox 13 1084 18 1151; x_wconf 94' lang='grc' dir='ltr'>Ξ</span> <span class='ocrx_word' id='word_1_95' title='bbox 120 1092 256 1136; x_wconf 89' lang='lat' dir='ltr'><strong>renda</strong></span> <span class='ocrx_word' id='word_1_96' title='bbox 272 1089 401 1133; x_wconf 90' lang='lat' dir='ltr'><strong>nobis</strong></span> <span class='ocrx_word' id='word_1_97' title='bbox 424 1104 540 1132; x_wconf 91' lang='lat' dir='ltr'><strong>nave</strong></span> <span class='ocrx_word' id='word_1_98' title='bbox 557 1089 808 1141; x_wconf 90' lang='lat' dir='ltr'><strong>commoda,</strong></span> <span class='ocrx_word' id='word_1_99' title='bbox 829 1093 1098 1142; x_wconf 90' lang='lat' dir='ltr'><strong>caeteraque</strong></span> <span class='ocrx_word' id='word_1_100' title='bbox 1115 1088 1451 1143; x_wconf 87' lang='lat' dir='ltr'><strong>opportunitate</strong></span> <span class='ocrx_word' id='word_1_101' title='bbox 1469 1094 1753 1144; x_wconf 89' lang='lat' dir='ltr'><strong>procuranda</strong></span> 
     </span>
     <span class='ocr_line' id='line_1_13' title="bbox 15 1151 1754 1224; baseline -0.001 -12"><span class='ocrx_word' id='word_1_102' title='bbox 15 1151 19 1224; x_wconf 34' lang='grc' dir='ltr'><strong>Ι,</strong></span> <span class='ocrx_word' id='word_1_103' title='bbox 123 1176 218 1212; x_wconf 90' lang='lat' dir='ltr'><strong>tuto</strong></span> <span class='ocrx_word' id='word_1_104' title='bbox 239 1181 291 1211; x_wconf 92' lang='lat' dir='ltr'><strong>ac</strong></span> <span class='ocrx_word' id='word_1_105' title='bbox 315 1166 444 1209; x_wconf 87' lang='lat' dir='ltr'><strong>facile</strong></span> <span class='ocrx_word' id='word_1_106' title='bbox 473 1164 695 1222; x_wconf 88' lang='lat' dir='ltr'><strong>pergendi</strong></span> <span class='ocrx_word' id='word_1_107' title='bbox 725 1179 814 1220; x_wconf 92' lang='lat' dir='ltr'><strong>quo</strong></span> <span class='ocrx_word' id='word_1_108' title='bbox 844 1164 1086 1216; x_wconf 85' lang='lat' dir='ltr'><strong>tendimus,</strong></span> <span class='ocrx_word' id='word_1_109' title='bbox 1121 1171 1170 1207; x_wconf 91' lang='lat' dir='ltr'><strong>ut</strong></span> <span class='ocrx_word' id='word_1_110' title='bbox 1199 1179 1314 1219; x_wconf 90' lang='lat' dir='ltr'><strong>quae</strong></span> <span class='ocrx_word' id='word_1_111' title='bbox 1347 1180 1436 1220; x_wconf 89' lang='lat' dir='ltr'><strong>quo</strong></span> <span class='ocrx_word' id='word_1_112' title='bbox 1454 1166 1647 1222; x_wconf 90' lang='lat' dir='ltr'><strong>primum</strong></span> <span class='ocrx_word' id='word_1_113' title='bbox 1681 1169 1754 1211; x_wconf 89' lang='lat' dir='ltr'><strong>die</strong></span> 
     </span>
     <span class='ocr_line' id='line_1_14' title="bbox 11 1167 1754 1322; baseline -0.001 -33"><span class='ocrx_word' id='word_1_114' title='bbox 11 1167 23 1322; x_wconf 83' lang='grc' dir='ltr'>Ξ</span> <span class='ocrx_word' id='word_1_115' title='bbox 122 1248 208 1289; x_wconf 90' lang='lat' dir='ltr'><strong>huc</strong></span> <span class='ocrx_word' id='word_1_116' title='bbox 231 1243 483 1300; x_wconf 88' lang='lat' dir='ltr'><strong>appulimus</strong></span> <span class='ocrx_word' id='word_1_117' title='bbox 505 1241 749 1286; x_wconf 86' lang='lat' dir='ltr'><strong>liberaliter</strong></span> <span class='ocrx_word' id='word_1_118' title='bbox 771 1249 816 1285; x_wconf 92' lang='lat' dir='ltr'><strong>et</strong></span> <span class='ocrx_word' id='word_1_119' title='bbox 837 1241 1037 1297; x_wconf 85' lang='lat' dir='ltr'><strong>benigne</strong></span> <span class='ocrx_word' id='word_1_120' title='bbox 1064 1242 1206 1284; x_wconf 92' lang='lat' dir='ltr'><strong>multa</strong></span> <span class='ocrx_word' id='word_1_121' title='bbox 1234 1242 1515 1297; x_wconf 84' lang='lat' dir='ltr'><strong>promiserat,</strong></span> <span class='ocrx_word' id='word_1_122' title='bbox 1548 1247 1754 1289; x_wconf 91' lang='lat' dir='ltr'><strong>cumula—</strong></span> 
     </span>
     <span class='ocr_line' id='line_1_15' title="bbox 14 1317 1754 1384; baseline 0.001 -18"><span class='ocrx_word' id='word_1_123' title='bbox 14 1333 25 1384; x_wconf 50' lang='grc' dir='ltr'><em>Α</em></span> <span class='ocrx_word' id='word_1_124' title='bbox 122 1322 288 1366; x_wconf 88' lang='lat' dir='ltr'><strong>tissime</strong></span> <span class='ocrx_word' id='word_1_125' title='bbox 331 1326 705 1376; x_wconf 88' lang='lat' dir='ltr'><strong>repraesentaret:</strong></span> <span class='ocrx_word' id='word_1_126' title='bbox 752 1317 971 1375; x_wconf 90' lang='lat' dir='ltr'><strong>quidquid</strong></span> <span class='ocrx_word' id='word_1_127' title='bbox 1020 1318 1119 1373; x_wconf 86' lang='lat' dir='ltr'><strong>ejus</strong></span> <span class='ocrx_word' id='word_1_128' title='bbox 1166 1319 1401 1374; x_wconf 88' lang='lat' dir='ltr'><strong>potestatis</strong></span> <span class='ocrx_word' id='word_1_129' title='bbox 1450 1320 1550 1372; x_wconf 86' lang='lat' dir='ltr'><strong>fuit,</strong></span> <span class='ocrx_word' id='word_1_130' title='bbox 1602 1322 1647 1365; x_wconf 91' lang='lat' dir='ltr'><strong>in</strong></span> <span class='ocrx_word' id='word_1_131' title='bbox 1700 1339 1754 1367; x_wconf 93' lang='lat' dir='ltr'><strong>eo</strong></span> 
     </span>
     <span class='ocr_line' id='line_1_16' title="bbox 17 1382 1752 1457; baseline 0.001 -15"><span class='ocrx_word' id='word_1_132' title='bbox 17 1382 27 1457; x_wconf 75' lang='grc' dir='ltr'>Ξ</span> <span class='ocrx_word' id='word_1_133' title='bbox 121 1405 338 1456; x_wconf 90' lang='lat' dir='ltr'><strong>prompte,</strong></span> <span class='ocrx_word' id='word_1_134' title='bbox 363 1397 600 1448; x_wconf 91' lang='lat' dir='ltr'><strong>benevole,</strong></span> <span class='ocrx_word' id='word_1_135' title='bbox 635 1396 752 1438; x_wconf 90' lang='lat' dir='ltr'><strong>ultro</strong></span> <span class='ocrx_word' id='word_1_136' title='bbox 781 1394 911 1438; x_wconf 89' lang='lat' dir='ltr'><strong>nobis</strong></span> <span class='ocrx_word' id='word_1_137' title='bbox 939 1396 1171 1439; x_wconf 90' lang='lat' dir='ltr'><strong>offerendo</strong></span> <span class='ocrx_word' id='word_1_138' title='bbox 1198 1395 1310 1438; x_wconf 90' lang='lat' dir='ltr'><strong>nihil</strong></span> <span class='ocrx_word' id='word_1_139' title='bbox 1339 1396 1422 1438; x_wconf 89' lang='lat' dir='ltr'><strong>sibi</strong></span> <span class='ocrx_word' id='word_1_140' title='bbox 1446 1398 1503 1439; x_wconf 89' lang='lat' dir='ltr'><strong>ad</strong></span> <span class='ocrx_word' id='word_1_141' title='bbox 1531 1413 1752 1443; x_wconf 92' lang='lat' dir='ltr'><strong>summam</strong></span> 
     </span>
     <span class='ocr_line' id='line_1_17' title="bbox 121 1471 1755 1529; baseline 0.001 -10"><span class='ocrx_word' id='word_1_142' title='bbox 121 1474 443 1519; x_wconf 91' lang='lat' dir='ltr'><strong>humanitatem</strong></span> <span class='ocrx_word' id='word_1_143' title='bbox 465 1472 625 1528; x_wconf 87' lang='lat' dir='ltr'><strong>reliqui</strong></span> <span class='ocrx_word' id='word_1_144' title='bbox 648 1472 768 1525; x_wconf 74' lang='lat' dir='ltr'><strong>fecit,</strong></span> <span class='ocrx_word' id='word_1_145' title='bbox 795 1486 911 1527; x_wconf 89' lang='lat' dir='ltr'><strong>quae</strong></span> <span class='ocrx_word' id='word_1_146' title='bbox 939 1486 1048 1515; x_wconf 92' lang='lat' dir='ltr'><strong>vero</strong></span> <span class='ocrx_word' id='word_1_147' title='bbox 1069 1471 1242 1515; x_wconf 91' lang='lat' dir='ltr'><strong>ambitu</strong></span> <span class='ocrx_word' id='word_1_148' title='bbox 1273 1479 1319 1515; x_wconf 91' lang='lat' dir='ltr'><strong>et</strong></span> <span class='ocrx_word' id='word_1_149' title='bbox 1351 1474 1497 1529; x_wconf 89' lang='lat' dir='ltr'><strong>gratia</strong></span> <span class='ocrx_word' id='word_1_150' title='bbox 1525 1479 1755 1520; x_wconf 79' lang='lat' dir='ltr'><strong>exoranda</strong></span> 
     </span>
     <span class='ocr_line' id='line_1_18' title="bbox 123 1548 1755 1603; baseline 0.001 -7"><span class='ocrx_word' id='word_1_151' title='bbox 123 1553 177 1596; x_wconf 89' lang='lat' dir='ltr'><strong>ab</strong></span> <span class='ocrx_word' id='word_1_152' title='bbox 199 1551 295 1595; x_wconf 91' lang='lat' dir='ltr'><strong>aliis</strong></span> <span class='ocrx_word' id='word_1_153' title='bbox 318 1551 459 1603; x_wconf 85' lang='lat' dir='ltr'><strong>fuere,</strong></span> <span class='ocrx_word' id='word_1_154' title='bbox 484 1549 530 1592; x_wconf 91' lang='lat' dir='ltr'><strong>in</strong></span> <span class='ocrx_word' id='word_1_155' title='bbox 553 1548 607 1591; x_wconf 92' lang='lat' dir='ltr'><strong>iis</strong></span> <span class='ocrx_word' id='word_1_156' title='bbox 644 1548 954 1593; x_wconf 89' lang='lat' dir='ltr'><strong>eblandiendis</strong></span> <span class='ocrx_word' id='word_1_157' title='bbox 992 1548 1114 1591; x_wconf 93' lang='lat' dir='ltr'><strong>omni</strong></span> <span class='ocrx_word' id='word_1_158' title='bbox 1136 1549 1302 1602; x_wconf 90' lang='lat' dir='ltr'><strong>studio,</strong></span> <span class='ocrx_word' id='word_1_159' title='bbox 1329 1558 1494 1594; x_wconf 87' lang='lat' dir='ltr'><strong>conatu</strong></span> <span class='ocrx_word' id='word_1_160' title='bbox 1517 1553 1638 1595; x_wconf 92' lang='lat' dir='ltr'><strong>omni</strong></span> <span class='ocrx_word' id='word_1_161' title='bbox 1657 1556 1755 1598; x_wconf 89' lang='lat' dir='ltr'><strong>effi—</strong></span> 
     </span>
     <span class='ocr_line' id='line_1_19' title="bbox 125 1625 1755 1683; baseline 0.001 -10"><span class='ocrx_word' id='word_1_162' title='bbox 125 1628 306 1683; x_wconf 89' lang='lat' dir='ltr'><strong>ciendis,</strong></span> <span class='ocrx_word' id='word_1_163' title='bbox 333 1635 508 1671; x_wconf 89' lang='lat' dir='ltr'><strong>tantum</strong></span> <span class='ocrx_word' id='word_1_164' title='bbox 531 1625 794 1678; x_wconf 89' lang='lat' dir='ltr'><strong>elaboravit,</strong></span> <span class='ocrx_word' id='word_1_165' title='bbox 821 1633 1004 1680; x_wconf 88' lang='lat' dir='ltr'><strong>tamque</strong></span> <span class='ocrx_word' id='word_1_166' title='bbox 1026 1625 1194 1682; x_wconf 81' lang='lat' dir='ltr'><strong>insigni</strong></span> <span class='ocrx_word' id='word_1_167' title='bbox 1218 1633 1400 1670; x_wconf 87' lang='lat' dir='ltr'><strong>tenerae</strong></span> <span class='ocrx_word' id='word_1_168' title='bbox 1423 1628 1469 1671; x_wconf 91' lang='lat' dir='ltr'><strong>in</strong></span> <span class='ocrx_word' id='word_1_169' title='bbox 1492 1644 1573 1672; x_wconf 83' lang='lat' dir='ltr'><strong>nos</strong></span> <span class='ocrx_word' id='word_1_170' title='bbox 1591 1631 1755 1674; x_wconf 90' lang='lat' dir='ltr'><strong>carita—</strong></span> 
     </span>
     <span class='ocr_line' id='line_1_20' title="bbox 127 1703 1758 1757; baseline 0.002 -8"><span class='ocrx_word' id='word_1_171' title='bbox 127 1706 181 1749; x_wconf 91' lang='lat' dir='ltr'><strong>tis</strong></span> <span class='ocrx_word' id='word_1_172' title='bbox 212 1703 594 1749; x_wconf 89' lang='lat' dir='ltr'><strong>demonstratione</strong></span> <span class='ocrx_word' id='word_1_173' title='bbox 627 1710 781 1745; x_wconf 91' lang='lat' dir='ltr'><strong>nostra</strong></span> <span class='ocrx_word' id='word_1_174' title='bbox 808 1717 946 1745; x_wconf 92' lang='lat' dir='ltr'><strong>causa</strong></span> <span class='ocrx_word' id='word_1_175' title='bbox 978 1703 1227 1757; x_wconf 90' lang='lat' dir='ltr'><strong>contendit,</strong></span> <span class='ocrx_word' id='word_1_176' title='bbox 1264 1711 1314 1746; x_wconf 95' lang='lat' dir='ltr'><strong>ut</strong></span> <span class='ocrx_word' id='word_1_177' title='bbox 1348 1704 1477 1748; x_wconf 86' lang='lat' dir='ltr'><strong>facile</strong></span> <span class='ocrx_word' id='word_1_178' title='bbox 1509 1707 1758 1752; x_wconf 86' lang='lat' dir='ltr'><strong>sentiamus</strong></span> 
     </span>
     <span class='ocr_line' id='line_1_21' title="bbox 129 1779 1754 1839; baseline 0.002 -13"><span class='ocrx_word' id='word_1_179' title='bbox 129 1797 207 1826; x_wconf 93' lang='lat' dir='ltr'><strong>nos</strong></span> <span class='ocrx_word' id='word_1_180' title='bbox 234 1796 410 1838; x_wconf 88' lang='lat' dir='ltr'><strong>semper</strong></span> <span class='ocrx_word' id='word_1_181' title='bbox 441 1780 634 1836; x_wconf 91' lang='lat' dir='ltr'><strong>impares</strong></span> <span class='ocrx_word' id='word_1_182' title='bbox 662 1781 757 1822; x_wconf 86' lang='lat' dir='ltr'><strong>fore</strong></span> <span class='ocrx_word' id='word_1_183' title='bbox 785 1779 859 1822; x_wconf 91' lang='lat' dir='ltr'><strong>isti</strong></span> <span class='ocrx_word' id='word_1_184' title='bbox 887 1780 985 1835; x_wconf 92' lang='lat' dir='ltr'><strong>ejus</strong></span> <span class='ocrx_word' id='word_1_185' title='bbox 1018 1782 1375 1825; x_wconf 90' lang='lat' dir='ltr'><strong>remunerandae</strong></span> <span class='ocrx_word' id='word_1_186' title='bbox 1408 1783 1754 1839; x_wconf 81' lang='lat' dir='ltr'><strong>beneficentiae;</strong></span> 
     </span>
     <span class='ocr_line' id='line_1_22' title="bbox 130 1856 1759 1915; baseline 0.001 -12"><span class='ocrx_word' id='word_1_187' title='bbox 130 1874 215 1915; x_wconf 93' lang='lat' dir='ltr'><strong>qua</strong></span> <span class='ocrx_word' id='word_1_188' title='bbox 245 1859 462 1914; x_wconf 87' lang='lat' dir='ltr'><strong>majorem</strong></span> <span class='ocrx_word' id='word_1_189' title='bbox 494 1856 883 1912; x_wconf 86' lang='lat' dir='ltr'><strong>efficacioremque</strong></span> <span class='ocrx_word' id='word_1_190' title='bbox 914 1872 972 1900; x_wconf 92' lang='lat' dir='ltr'><strong>ne</strong></span> <span class='ocrx_word' id='word_1_191' title='bbox 994 1872 1020 1900; x_wconf 94' lang='lat' dir='ltr'><strong>a</strong></span> <span class='ocrx_word' id='word_1_192' title='bbox 1042 1858 1200 1900; x_wconf 89' lang='lat' dir='ltr'><strong>Fratre</strong></span> <span class='ocrx_word' id='word_1_193' title='bbox 1223 1858 1403 1913; x_wconf 91' lang='lat' dir='ltr'><strong>quidem</strong></span> <span class='ocrx_word' id='word_1_194' title='bbox 1428 1874 1646 1915; x_wconf 89' lang='lat' dir='ltr'><strong>germano</strong></span> <span class='ocrx_word' id='word_1_195' title='bbox 1679 1879 1759 1907; x_wconf 48' lang='lat' dir='ltr'><strong>exm</strong></span> 
     </span>
     <span class='ocr_line' id='line_1_23' title="bbox 129 1933 1759 1995; baseline 0.002 -16"><span class='ocrx_word' id='word_1_196' title='bbox 129 1943 304 1993; x_wconf 89' lang='lat' dir='ltr'><strong>pectare</strong></span> <span class='ocrx_word' id='word_1_197' title='bbox 325 1942 600 1992; x_wconf 90' lang='lat' dir='ltr'><strong>poteramus.</strong></span> <span class='ocrx_word' id='word_1_198' title='bbox 629 1936 716 1977; x_wconf 90' lang='lat' dir='ltr'><strong>Per</strong></span> <span class='ocrx_word' id='word_1_199' title='bbox 754 1948 844 1988; x_wconf 91' lang='lat' dir='ltr'><strong>quo</strong></span> <span class='ocrx_word' id='word_1_200' title='bbox 865 1935 1014 1977; x_wconf 92' lang='lat' dir='ltr'><strong>Deum</strong></span> <span class='ocrx_word' id='word_1_201' title='bbox 1036 1933 1283 1977; x_wconf 90' lang='lat' dir='ltr'><strong>Dominum</strong></span> <span class='ocrx_word' id='word_1_202' title='bbox 1312 1936 1530 1979; x_wconf 88' lang='lat' dir='ltr'><strong>Nostrum</strong></span> <span class='ocrx_word' id='word_1_203' title='bbox 1559 1940 1759 1995; x_wconf 93' lang='lat' dir='ltr'><strong>comple—</strong></span> 
     </span>
     <span class='ocr_line' id='line_1_24' title="bbox 131 2010 1761 2069; baseline 0.002 -12"><span class='ocrx_word' id='word_1_204' title='bbox 131 2013 276 2065; x_wconf 89' lang='lat' dir='ltr'><strong>cteris,</strong></span> <span class='ocrx_word' id='word_1_205' title='bbox 297 2027 510 2064; x_wconf 92' lang='lat' dir='ltr'><strong>amorem,</strong></span> <span class='ocrx_word' id='word_1_206' title='bbox 536 2026 614 2054; x_wconf 91' lang='lat' dir='ltr'><strong>oro</strong></span> <span class='ocrx_word' id='word_1_207' title='bbox 637 2012 916 2066; x_wconf 89' lang='lat' dir='ltr'><strong>obsecroque</strong></span> <span class='ocrx_word' id='word_1_208' title='bbox 934 2013 1015 2063; x_wconf 89' lang='lat' dir='ltr'><strong>Te,</strong></span> <span class='ocrx_word' id='word_1_209' title='bbox 1035 2010 1245 2064; x_wconf 88' lang='lat' dir='ltr'><strong>Domine,</strong></span> <span class='ocrx_word' id='word_1_210' title='bbox 1267 2019 1317 2053; x_wconf 89' lang='lat' dir='ltr'><strong>ut</strong></span> <span class='ocrx_word' id='word_1_211' title='bbox 1335 2026 1450 2066; x_wconf 90' lang='lat' dir='ltr'><strong>quae</strong></span> <span class='ocrx_word' id='word_1_212' title='bbox 1466 2014 1658 2069; x_wconf 89' lang='lat' dir='ltr'><strong>plurima</strong></span> <span class='ocrx_word' id='word_1_213' title='bbox 1675 2018 1761 2060; x_wconf 89' lang='lat' dir='ltr'><strong>hoc</strong></span> 
     </span>
     <span class='ocr_line' id='line_1_25' title="bbox 131 2088 1760 2149; baseline 0.003 -17"><span class='ocrx_word' id='word_1_214' title='bbox 131 2090 307 2134; x_wconf 92' lang='lat' dir='ltr'><strong>nomine</strong></span> <span class='ocrx_word' id='word_1_215' title='bbox 337 2092 474 2133; x_wconf 86' lang='lat' dir='ltr'><strong>Petro</strong></span> <span class='ocrx_word' id='word_1_216' title='bbox 511 2089 568 2133; x_wconf 90' lang='lat' dir='ltr'><strong>de</strong></span> <span class='ocrx_word' id='word_1_217' title='bbox 596 2089 734 2143; x_wconf 85' lang='lat' dir='ltr'><strong>Sylva</strong></span> <span class='ocrx_word' id='word_1_218' title='bbox 763 2088 998 2141; x_wconf 90' lang='lat' dir='ltr'><strong>debemus,</strong></span> <span class='ocrx_word' id='word_1_219' title='bbox 1023 2089 1272 2144; x_wconf 89' lang='lat' dir='ltr'><strong>rependere</strong></span> <span class='ocrx_word' id='word_1_220' title='bbox 1299 2089 1399 2133; x_wconf 89' lang='lat' dir='ltr'><strong>vice</strong></span> <span class='ocrx_word' id='word_1_221' title='bbox 1430 2099 1587 2134; x_wconf 87' lang='lat' dir='ltr'><strong>nostra</strong></span> <span class='ocrx_word' id='word_1_222' title='bbox 1615 2094 1760 2149; x_wconf 89' lang='lat' dir='ltr'><strong>Maje—</strong></span> 
     </span>
     <span class='ocr_line' id='line_1_26' title="bbox 133 2165 1762 2226; baseline 0.003 -17"><span class='ocrx_word' id='word_1_223' title='bbox 133 2173 223 2210; x_wconf 92' lang='lat' dir='ltr'><strong>stas</strong></span> <span class='ocrx_word' id='word_1_224' title='bbox 245 2168 343 2209; x_wconf 92' lang='lat' dir='ltr'><strong>Tua</strong></span> <span class='ocrx_word' id='word_1_225' title='bbox 365 2165 597 2222; x_wconf 88' lang='lat' dir='ltr'><strong>dignetur.</strong></span> <span class='ocrx_word' id='word_1_226' title='bbox 624 2166 774 2221; x_wconf 90' lang='lat' dir='ltr'><strong>Large</strong></span> <span class='ocrx_word' id='word_1_227' title='bbox 791 2165 1068 2220; x_wconf 90' lang='lat' dir='ltr'><strong>suppeditari</strong></span> <span class='ocrx_word' id='word_1_228' title='bbox 1091 2165 1228 2220; x_wconf 88' lang='lat' dir='ltr'><strong>jussit</strong></span> <span class='ocrx_word' id='word_1_229' title='bbox 1250 2166 1469 2222; x_wconf 90' lang='lat' dir='ltr'><strong>quidquid</strong></span> <span class='ocrx_word' id='word_1_230' title='bbox 1492 2168 1626 2212; x_wconf 89' lang='lat' dir='ltr'><strong>nobis</strong></span> <span class='ocrx_word' id='word_1_231' title='bbox 1647 2184 1762 2226; x_wconf 91' lang='lat' dir='ltr'><strong>opus</strong></span> 
     </span>
     <span class='ocr_line' id='line_1_27' title="bbox 135 2241 1761 2300; baseline 0.004 -15"><span class='ocrx_word' id='word_1_232' title='bbox 135 2242 232 2295; x_wconf 88' lang='lat' dir='ltr'><strong>fuit,</strong></span> <span class='ocrx_word' id='word_1_233' title='bbox 258 2258 348 2286; x_wconf 92' lang='lat' dir='ltr'><strong>non</strong></span> <span class='ocrx_word' id='word_1_234' title='bbox 370 2243 504 2285; x_wconf 90' lang='lat' dir='ltr'><strong>modo</strong></span> <span class='ocrx_word' id='word_1_235' title='bbox 536 2241 582 2284; x_wconf 93' lang='lat' dir='ltr'><strong>in</strong></span> <span class='ocrx_word' id='word_1_236' title='bbox 609 2241 824 2285; x_wconf 90' lang='lat' dir='ltr'><strong>viaticum</strong></span> <span class='ocrx_word' id='word_1_237' title='bbox 854 2241 1160 2298; x_wconf 88' lang='lat' dir='ltr'><strong>navigationis</strong></span> <span class='ocrx_word' id='word_1_238' title='bbox 1191 2242 1297 2285; x_wconf 91' lang='lat' dir='ltr'><strong>hinc</strong></span> <span class='ocrx_word' id='word_1_239' title='bbox 1329 2243 1373 2285; x_wconf 92' lang='lat' dir='ltr'><strong>in</strong></span> <span class='ocrx_word' id='word_1_240' title='bbox 1396 2245 1650 2300; x_wconf 83' lang='lat' dir='ltr'><strong>Japoniam3</strong></span> <span class='ocrx_word' id='word_1_241' title='bbox 1682 2249 1761 2291; x_wconf 89' lang='lat' dir='ltr'><strong>sed</strong></span> 
     </span>
     <span class='ocr_line' id='line_1_28' title="bbox 136 2318 1765 2377; baseline 0.004 -16"><span class='ocrx_word' id='word_1_242' title='bbox 136 2318 180 2361; x_wconf 91' lang='lat' dir='ltr'><strong>in</strong></span> <span class='ocrx_word' id='word_1_243' title='bbox 201 2326 428 2376; x_wconf 90' lang='lat' dir='ltr'><strong>sumptum</strong></span> <span class='ocrx_word' id='word_1_244' title='bbox 450 2319 585 2361; x_wconf 91' lang='lat' dir='ltr'><strong>etiam</strong></span> <span class='ocrx_word' id='word_1_245' title='bbox 608 2325 653 2362; x_wconf 88' lang='lat' dir='ltr'><strong>et</strong></span> <span class='ocrx_word' id='word_1_246' title='bbox 674 2318 845 2361; x_wconf 91' lang='lat' dir='ltr'><strong>victum</strong></span> <span class='ocrx_word' id='word_1_247' title='bbox 866 2319 1229 2362; x_wconf 90' lang='lat' dir='ltr'><strong>commorationis</strong></span> <span class='ocrx_word' id='word_1_248' title='bbox 1252 2319 1341 2362; x_wconf 90' lang='lat' dir='ltr'><strong>illic</strong></span> <span class='ocrx_word' id='word_1_249' title='bbox 1364 2320 1691 2377; x_wconf 89' lang='lat' dir='ltr'><strong>longiusculae,</strong></span> <span class='ocrx_word' id='word_1_250' title='bbox 1720 2332 1765 2369; x_wconf 92' lang='lat' dir='ltr'><strong>et</strong></span> 
     </span>
     <span class='ocr_line' id='line_1_29' title="bbox 138 2395 1767 2444; baseline 0.004 -6"><span class='ocrx_word' id='word_1_251' title='bbox 138 2395 490 2440; x_wconf 88' lang='lat' dir='ltr'><strong>aedificationem</strong></span> <span class='ocrx_word' id='word_1_252' title='bbox 514 2395 677 2440; x_wconf 88' lang='lat' dir='ltr'><strong>Sacelli</strong></span> <span class='ocrx_word' id='word_1_253' title='bbox 702 2395 778 2438; x_wconf 91' lang='lat' dir='ltr'><strong>ubi</strong></span> <span class='ocrx_word' id='word_1_254' title='bbox 800 2409 979 2438; x_wconf 89' lang='lat' dir='ltr'><strong>sacrum</strong></span> <span class='ocrx_word' id='word_1_255' title='bbox 1001 2395 1167 2439; x_wconf 92' lang='lat' dir='ltr'><strong>Missae</strong></span> <span class='ocrx_word' id='word_1_256' title='bbox 1190 2396 1472 2440; x_wconf 86' lang='lat' dir='ltr'><strong>Sacrificium</strong></span> <span class='ocrx_word' id='word_1_257' title='bbox 1489 2400 1649 2443; x_wconf 88' lang='lat' dir='ltr'><strong>offerre</strong></span> <span class='ocrx_word' id='word_1_258' title='bbox 1667 2402 1767 2444; x_wconf 92' lang='lat' dir='ltr'><strong>Deo</strong></span> 
     </span>
     <span class='ocr_line' id='line_1_30' title="bbox 140 2471 1768 2530; baseline 0.004 -16"><span class='ocrx_word' id='word_1_259' title='bbox 140 2472 373 2527; x_wconf 89' lang='lat' dir='ltr'><strong>possimus:</strong></span> <span class='ocrx_word' id='word_1_260' title='bbox 400 2487 534 2527; x_wconf 91' lang='lat' dir='ltr'><strong>quam</strong></span> <span class='ocrx_word' id='word_1_261' title='bbox 557 2471 736 2528; x_wconf 91' lang='lat' dir='ltr'><strong>proprie</strong></span> <span class='ocrx_word' id='word_1_262' title='bbox 758 2471 805 2514; x_wconf 91' lang='lat' dir='ltr'><strong>in</strong></span> <span class='ocrx_word' id='word_1_263' title='bbox 827 2487 921 2516; x_wconf 92' lang='lat' dir='ltr'><strong>rem</strong></span> <span class='ocrx_word' id='word_1_264' title='bbox 939 2471 1130 2528; x_wconf 89' lang='lat' dir='ltr'><strong>largitus</strong></span> <span class='ocrx_word' id='word_1_265' title='bbox 1153 2472 1282 2516; x_wconf 92' lang='lat' dir='ltr'><strong>nobis</strong></span> <span class='ocrx_word' id='word_1_266' title='bbox 1299 2480 1368 2516; x_wconf 91' lang='lat' dir='ltr'><strong>est</strong></span> <span class='ocrx_word' id='word_1_267' title='bbox 1385 2473 1571 2530; x_wconf 89' lang='lat' dir='ltr'><strong>triginta</strong></span> <span class='ocrx_word' id='word_1_268' title='bbox 1593 2478 1768 2521; x_wconf 89' lang='lat' dir='ltr'><strong>modios</strong></span> 
     </span>
     <span class='ocr_line' id='line_1_31' title="bbox 141 2542 1769 2605; baseline 0.005 -16"><span class='ocrx_word' id='word_1_269' title='bbox 141 2547 302 2604; x_wconf 88' lang='lat' dir='ltr'><strong>piperis</strong></span> <span class='ocrx_word' id='word_1_270' title='bbox 323 2548 480 2605; x_wconf 91' lang='lat' dir='ltr'><strong>optimi</strong></span> <span class='ocrx_word' id='word_1_271' title='bbox 501 2547 633 2592; x_wconf 86' lang='lat' dir='ltr'><strong>electi</strong></span> <span class='ocrx_word' id='word_1_272' title='bbox 661 2563 717 2591; x_wconf 88' lang='lat' dir='ltr'><strong>ex</strong></span> <span class='ocrx_word' id='word_1_273' title='bbox 747 2548 870 2591; x_wconf 92' lang='lat' dir='ltr'><strong>omni</strong></span> <span class='ocrx_word' id='word_1_274' title='bbox 900 2548 1031 2603; x_wconf 89' lang='lat' dir='ltr'><strong>copia</strong></span> <span class='ocrx_word' id='word_1_275' title='bbox 1059 2563 1175 2603; x_wconf 92' lang='lat' dir='ltr'><strong>quae</strong></span> <span class='ocrx_word' id='word_1_276' title='bbox 1205 2542 1406 2594; x_wconf 86' lang='lat' dir='ltr'><strong>Malacae</strong></span> <span class='ocrx_word' id='word_1_277' title='bbox 1435 2551 1535 2594; x_wconf 87' lang='lat' dir='ltr'><strong>fuit.</strong></span> <span class='ocrx_word' id='word_1_278' title='bbox 1578 2554 1769 2597; x_wconf 89' lang='lat' dir='ltr'><strong>Addidit</strong></span> 
     </span>
     <span class='ocr_line' id='line_1_32' title="bbox 141 2625 1766 2684; baseline 0.006 -17"><span class='ocrx_word' id='word_1_279' title='bbox 141 2625 278 2669; x_wconf 90' lang='lat' dir='ltr'><strong>multa</strong></span> <span class='ocrx_word' id='word_1_280' title='bbox 299 2625 501 2682; x_wconf 89' lang='lat' dir='ltr'><strong>speciosa</strong></span> <span class='ocrx_word' id='word_1_281' title='bbox 522 2633 567 2669; x_wconf 93' lang='lat' dir='ltr'><strong>et</strong></span> <span class='ocrx_word' id='word_1_282' title='bbox 589 2625 743 2682; x_wconf 88' lang='lat' dir='ltr'><strong>magni</strong></span> <span class='ocrx_word' id='word_1_283' title='bbox 765 2625 896 2682; x_wconf 90' lang='lat' dir='ltr'><strong>pretii</strong></span> <span class='ocrx_word' id='word_1_284' title='bbox 919 2640 1122 2680; x_wconf 91' lang='lat' dir='ltr'><strong>munera,</strong></span> <span class='ocrx_word' id='word_1_285' title='bbox 1150 2626 1266 2683; x_wconf 86' lang='lat' dir='ltr'><strong>Regi</strong></span> <span class='ocrx_word' id='word_1_286' title='bbox 1280 2628 1498 2684; x_wconf 86' lang='lat' dir='ltr'><strong>Japoniae</strong></span> <span class='ocrx_word' id='word_1_287' title='bbox 1520 2631 1766 2675; x_wconf 88' lang='lat' dir='ltr'><strong>offerenda:</strong></span> 
     </span>
     <span class='ocr_line' id='line_1_33' title="bbox 144 2701 1770 2765; baseline 0.006 -22"><span class='ocrx_word' id='word_1_288' title='bbox 144 2707 191 2744; x_wconf 90' lang='lat' dir='ltr'><strong>ut</strong></span> <span class='ocrx_word' id='word_1_289' title='bbox 211 2701 264 2745; x_wconf 89' lang='lat' dir='ltr'><strong>iis</strong></span> <span class='ocrx_word' id='word_1_290' title='bbox 285 2701 359 2747; x_wconf 90' lang='lat' dir='ltr'><strong>ille</strong></span> <span class='ocrx_word' id='word_1_291' title='bbox 380 2702 595 2746; x_wconf 89' lang='lat' dir='ltr'><strong>delinitus</strong></span> <span class='ocrx_word' id='word_1_292' title='bbox 618 2702 863 2746; x_wconf 83' lang='lat' dir='ltr'><strong>faciliorem</strong></span> <span class='ocrx_word' id='word_1_293' title='bbox 886 2717 934 2745; x_wconf 93' lang='lat' dir='ltr'><strong>se</strong></span> <span class='ocrx_word' id='word_1_294' title='bbox 957 2702 1247 2747; x_wconf 87' lang='lat' dir='ltr'><strong>admittendis</strong></span> <span class='ocrx_word' id='word_1_295' title='bbox 1278 2703 1425 2759; x_wconf 92' lang='lat' dir='ltr'><strong>nobis,</strong></span> <span class='ocrx_word' id='word_1_296' title='bbox 1461 2713 1506 2749; x_wconf 92' lang='lat' dir='ltr'><strong>et</strong></span> <span class='ocrx_word' id='word_1_297' title='bbox 1534 2707 1579 2749; x_wconf 89' lang='lat' dir='ltr'><strong>in</strong></span> <span class='ocrx_word' id='word_1_298' title='bbox 1608 2709 1770 2765; x_wconf 88' lang='lat' dir='ltr'><strong>Regno</strong></span> 
     </span>
     <span class='ocr_line' id='line_1_34' title="bbox 145 2779 741 2835; baseline 0.002 -16"><span class='ocrx_word' id='word_1_299' title='bbox 145 2790 224 2820; x_wconf 92' lang='lat' dir='ltr'><strong>suo</strong></span> <span class='ocrx_word' id='word_1_300' title='bbox 248 2779 489 2823; x_wconf 87' lang='lat' dir='ltr'><strong>tolerandis</strong></span> <span class='ocrx_word' id='word_1_301' title='bbox 511 2779 741 2835; x_wconf 89' lang='lat' dir='ltr'><strong>praebeat.</strong></span> 
     </span>
     <span class='ocr_line' id='line_1_35' title="bbox 235 2849 1774 2915; baseline 0.005 -18"><span class='ocrx_word' id='word_1_302' title='bbox 235 2865 256 2909; x_wconf 89' lang='lat'><strong>5</strong></span> <span class='ocrx_word' id='word_1_303' title='bbox 280 2852 390 2914; x_wconf 73' lang='lat' dir='ltr'><strong>[sic].</strong></span> <span class='ocrx_word' id='word_1_304' title='bbox 457 2857 583 2899; x_wconf 92' lang='lat' dir='ltr'><strong>Haec</strong></span> <span class='ocrx_word' id='word_1_305' title='bbox 612 2855 675 2897; x_wconf 90' lang='lat' dir='ltr'><strong>ita</strong></span> <span class='ocrx_word' id='word_1_306' title='bbox 696 2855 870 2900; x_wconf 91' lang='lat' dir='ltr'><strong>minute</strong></span> <span class='ocrx_word' id='word_1_307' title='bbox 899 2871 1032 2899; x_wconf 89' lang='lat' dir='ltr'><strong>narro</strong></span> <span class='ocrx_word' id='word_1_308' title='bbox 1061 2849 1286 2912; x_wconf 87' lang='lat' dir='ltr'><strong>Majestati</strong></span> <span class='ocrx_word' id='word_1_309' title='bbox 1316 2859 1457 2911; x_wconf 90' lang='lat' dir='ltr'><strong>Tuae,</strong></span> <span class='ocrx_word' id='word_1_310' title='bbox 1488 2874 1578 2915; x_wconf 91' lang='lat' dir='ltr'><strong>quo</strong></span> <span class='ocrx_word' id='word_1_311' title='bbox 1608 2861 1774 2906; x_wconf 82' lang='lat' dir='ltr'><strong>intelli-</strong></span> 
     </span>
     <span class='ocr_line' id='line_1_36' title="bbox 152 2922 1779 2986; baseline 0.006 -13"><span class='ocrx_word' id='word_1_312' title='bbox 152 2943 230 2985; x_wconf 86' lang='lat' dir='ltr'><strong>gas</strong></span> <span class='ocrx_word' id='word_1_313' title='bbox 247 2931 410 2986; x_wconf 91' lang='lat' dir='ltr'><strong>quibus</strong></span> <span class='ocrx_word' id='word_1_314' title='bbox 432 2947 504 2976; x_wconf 92' lang='lat' dir='ltr'><strong>me</strong></span> <span class='ocrx_word' id='word_1_315' title='bbox 525 2922 757 2975; x_wconf 86' lang='lat' dir='ltr'><strong>beneficiis</strong></span> <span class='ocrx_word' id='word_1_316' title='bbox 780 2939 825 2975; x_wconf 93' lang='lat' dir='ltr'><strong>et</strong></span> <span class='ocrx_word' id='word_1_317' title='bbox 841 2933 1089 2976; x_wconf 90' lang='lat' dir='ltr'><strong>honoribus</strong></span> <span class='ocrx_word' id='word_1_318' title='bbox 1111 2933 1309 2977; x_wconf 89' lang='lat' dir='ltr'><strong>afficiant</strong></span> <span class='ocrx_word' id='word_1_319' title='bbox 1331 2935 1508 2980; x_wconf 89' lang='lat' dir='ltr'><strong>Fideles</strong></span> <span class='ocrx_word' id='word_1_320' title='bbox 1526 2937 1591 2979; x_wconf 91' lang='lat' dir='ltr'><strong>tui</strong></span> <span class='ocrx_word' id='word_1_321' title='bbox 1609 2940 1779 2982; x_wconf 88' lang='lat' dir='ltr'><strong>subditi</strong></span> 
     </span>
    </p>
   </div>
   <div class='ocr_carea' id='block_1_3' title="bbox 155 3006 1780 3124">
    <p class='ocr_par' dir='ltr' id='par_1_3' title="bbox 155 3006 1780 3124">
     <span class='ocr_line' id='line_1_37' title="bbox 155 3006 1780 3068; baseline 0.007 -21"><span class='ocrx_word' id='word_1_322' title='bbox 155 3006 229 3061; x_wconf 91' lang='lat' dir='ltr'><strong>qui</strong></span> <span class='ocrx_word' id='word_1_323' title='bbox 249 3007 295 3050; x_wconf 90' lang='lat' dir='ltr'><strong>in</strong></span> <span class='ocrx_word' id='word_1_324' title='bbox 317 3009 453 3052; x_wconf 92' lang='lat' dir='ltr'><strong>Indiis</strong></span> <span class='ocrx_word' id='word_1_325' title='bbox 476 3016 596 3052; x_wconf 89' lang='lat' dir='ltr'><strong>sunt.</strong></span> <span class='ocrx_word' id='word_1_326' title='bbox 624 3008 860 3064; x_wconf 86' lang='lat' dir='ltr'><strong>Equidem,</strong></span> <span class='ocrx_word' id='word_1_327' title='bbox 886 3010 1097 3064; x_wconf 89' lang='lat' dir='ltr'><strong>Domine,</strong></span> <span class='ocrx_word' id='word_1_328' title='bbox 1123 3025 1230 3055; x_wconf 83' lang='lat' dir='ltr'><strong>vere</strong></span> <span class='ocrx_word' id='word_1_329' title='bbox 1250 3012 1360 3054; x_wconf 91' lang='lat' dir='ltr'><strong>mihi</strong></span> <span class='ocrx_word' id='word_1_330' title='bbox 1382 3012 1586 3058; x_wconf 91' lang='lat' dir='ltr'><strong>dicturus</strong></span> <span class='ocrx_word' id='word_1_331' title='bbox 1609 3015 1780 3068; x_wconf 85' lang='lat' dir='ltr'><strong>videor,</strong></span> 
     </span>
     <span class='ocr_line' id='line_1_38' title="bbox 293 3090 1534 3124; baseline 0.005 -6"><span class='ocrx_word' id='word_1_332' title='bbox 293 3090 424 3119; x_wconf 55' lang='lat' dir='ltr'><strong>Morum.</strong></span> <span class='ocrx_word' id='word_1_333' title='bbox 447 3091 537 3120; x_wconf 73' lang='lat' dir='ltr'><strong>XAv.</strong></span> <span class='ocrx_word' id='word_1_334' title='bbox 1499 3097 1534 3124; x_wconf 79' lang='lat'><strong>36</strong></span> 
     </span>
    </p>
   </div>
   <div class='ocr_carea' id='block_1_4' title="bbox 0 1676 125 3510">
    <p class='ocr_par' dir='ltr' id='par_1_4' title="bbox 0 1676 125 3510">
     <span class='ocr_line' id='line_1_39' title="bbox 0 1676 125 3510; baseline 0 0"><span class='ocrx_word' id='word_1_335' title='bbox 0 1676 125 3510; x_wconf 95' lang='lat' dir='ltr'><strong> </strong></span> 
     </span>
    </p>
   </div>
  </div>
 </body>
</html>
