2049 3360
576 63 712 98 EPIST.
740 72 904 109 99.—-29
932 65 1130 110 JANUARII
1160 72 1249 109 1552
1604 65 1674 111 667

93 167 225 209 nabio
248 165 475 210 estubiere
497 180 586 220 que
608 181 656 209 se
679 165 833 220 quiere
855 165 1008 222 partim
1035 181 1123 221 que
1145 167 1295 210 releva
1319 168 1332 189 ⁵
1356 169 1520 210 mucho
1550 183 1603 211 ao
1625 183 1720 213 ser-

93 243 209 286 vicio
232 243 288 287 de
311 242 425 286 Dios
452 242 522 285 hir
550 244 662 287 cedo
691 244 706 265 ⁶
740 248 764 285 a
795 243 919 286 India
955 259 1062 300 para
1099 245 1204 301 logo
1234 251 1385 287 tornar
1412 259 1469 287 en
1508 247 1655 301 Mayo.
1682 248 1719 289 Y

94 320 190 378 pois
212 321 323 364 cedo
346 335 428 363 nos
458 335 678 373 veremos,
705 337 733 377 y
756 336 838 363 nos
867 321 1200 365 consolaremos
1230 323 1394 364 mucho
1418 323 1466 364 2⁷72
1504 324 1716 375 Domino,

93 413 150 441 no
172 398 280 454 digo
301 402 397 441 mas
422 400 450 440 ⁷.

181 476 308 518 Todo
330 482 514 518 vuestro
536 477 585 517 in
609 478 822 531 Domino,
872 462 874 464 Ι

828 555 862 597 F
867 568 1116 598 RANCISCO.

180 632 436 687 Inscriptio.
463 631 599 674 Carta
621 631 678 673 do
703 633 754 674 Β.
783 633 833 674 P.
862 633 923 675 M.
951 633 985 674 F
989 631 1191 674 rancisco
1214 646 1320 687 pera
1340 646 1366 674 o
1391 633 1443 674 Ρ.
1476 633 1510 674 F
1514 631 1718 675 rancisco

90 710 229 753 Perez
253 709 433 764 quando
456 707 593 751 vinha
615 709 671 752 de
688 710 831 767 Japao
856 722 910 763 30
934 710 1089 766 legoas
1111 710 1168 751 do
1192 715 1319 765 porto
1343 709 1398 751 de
1421 709 1625 752 Maliaca.

858 911 944 950 99

383 1003 435 1044 Ρ.
472 1001 733 1045 IGNATIO
768 1002 850 1044 DE
883 1001 1157 1053 LOYOLA,
1193 1001 1422 1044 ROMAM

570 1095 742 1139 Cocino
766 1108 821 1153 29
837 1095 1038 1154 Januarii
1069 1106 1177 1150 1552
1201 1066 1233 1138 ‹²³-

89 1203 255 1249 Quanta
269 1216 358 1240 curn
378 1205 536 1240 laetitia
554 1204 712 1252 Ignatii
729 1204 886 1239 litteras
904 1203 1284 1251 legerit.—-Xaverii
1307 1204 1353 1238 de
1371 1214 1409 1238 se
1427 1203 1558 1238 animi
1582 1214 1718 1238 sensus

153 1275 273 1310 quam
288 1264 559 1300 demisissimi.
576 1264 821 1311 -Ignatimn
839 1264 1005 1299 videndi
1022 1263 1267 1298 desiderium
1278 1263 1546 1298 .—Rectore7n
1578 1261 1717 1298 Goano

153 1324 319 1371 collegio
332 1324 652 1371 praeficiendum
666 1324 858 1371 postulat,
880 1326 916 1359 et
935 1324 1079 1359 Patres
1097 1324 1151 1358 ad
1160 1323 1364 1369 Japoniae
1383 1323 1611 1358 academias
1627 1323 1719 1358 mit-

156 1384 305 1426 tendos,
344 1395 440 1430 quos
469 1384 650 1419 omniurn
680 1384 880 1419 virtutum
904 1395 1052 1431 genere
1082 1386 1118 1418 et
1147 1383 1333 1418 doctrina
1357 1385 1610 1430 praestantes
1639 1393 1718 1418 esse

151 1444 600 1490 oportet.—Aerumnae
611 1442 744 1490 famis
761 1446 798 1479 et
808 1443 1006 1491 frigoris:
1019 1442 1207 1490 pericula
1231 1445 1371 1477 contra
1394 1443 1630 1489 religiosam
1649 1453 1713 1477 vo-

153 1504 364 1548 actionem,-
382 1505 488 1540 unde
505 1504 622 1539 valde
636 1504 798 1551 probati
815 1504 924 1539 mitti
941 1502 1301 1550 debent.—Magna
1324 1505 1410 1549 spes
1434 1503 1480 1537 de
1507 1503 1717 1548 Arnangu-

152 1564 292 1600 cianae
309 1565 491 1600 ecclesiae
508 1565 752 1610 incremento
763 1593 769 1600 .
780 1564 1029 1612 -Japonnm
1047 1566 1084 1599 et
1100 1563 1287 1598 sinarurn
1303 1563 1469 1603 indoles,
1488 1573 1630 1603 mores,
1650 1562 1716 1596 do-

152 1624 299 1666 ctrina,
318 1623 722 1672 religio.—Japonico
739 1636 919 1660 sermone
943 1636 981 1659 se
1000 1623 1149 1659 librum
1174 1623 1375 1670 scripsisse
1395 1622 1505 1663 dicit,
1525 1625 1561 1657 et
1576 1623 1715 1667 postea

153 1683 373 1718 sinensibus
386 1683 680 1719 characteribus
697 1682 1217 1731 transcripsisse.-Ignatii
1230 1684 1266 1718 et
1280 1682 1490 1717 uni-versae
1509 1680 1716 1716 Societatis

149 1743 334 1790 precibus
350 1754 389 1778 se
406 1743 520 1779 enixe
538 1744 802 1780 commendat.

831 1820 961 1914 Jhiis.

110 1981 115 1999 ι
175 1952 238 1995 La
260 1966 428 2009 gracya
450 1967 478 2008 y
500 1967 624 1996 amor
647 1953 702 1996 de
725 1953 923 2008 Chrysto
945 1958 1130 1996 nuestro
1154 1952 1303 1996 Senot
1325 1965 1401 1995 sea
1424 1964 1632 2007 syempre
1654 1965 1711 1995 en

56 2047 59 2050 ·
84 2035 267 2073 nuestra
288 2029 437 2085 ayuda
459 2044 489 2085 y
512 2029 656 2073 fabor.
684 2030 847 2073 Amen.

101 2187 103 2189 ’
154 2179 168 2200 ⁵
217 2178 444 2225 Hispanice,
463 2191 536 2225 que
551 2179 742 2226 importa.
934 2179 947 2200 ⁶
997 2177 1221 2224 Hispanice,
1239 2177 1279 2212 ir
1291 2180 1451 2224 pronto.

156 2239 169 2259 ⁷
219 2238 313 2274 Post
329 2239 440 2285 haee,
460 2237 664 2285 sequentia
682 2239 864 2284 leguntur
881 2238 1001 2272 verba
1019 2237 1309 2283 in‘apographO,
1324 2248 1438 2283 quae,
1453 2241 1495 2271 ut
1510 2235 1713 2272 evidenter

82 2303 258 2344 apparet,
289 2297 384 2333 nihil
417 2297 522 2333 aliud
552 2303 643 2333 sunt
672 2310 787 2344 quam
814 2296 1009 2332 annotatio
1040 2295 1228 2343 quaedam
1247 2296 1349 2331 circa
1373 2296 1590 2342 epistolam:
1621 2296 1712 2331 «Foi

89 2361 171 2392 esta
200 2361 305 2392 carta
330 2357 498 2404 escripta
521 2369 571 2393 no
597 2357 664 2392 fim
694 2356 742 2391 de
780 2357 1000 2391 Dezembro
1034 2355 1083 2390 de
1119 2364 1221 2400 1551.
1248 2356 1409 2401 Chegou
1442 2356 1478 2401 [o
1515 2356 1558 2390 P.
1595 2357 1712 2391 Fran-

63 2417 66 2420 ’
88 2415 206 2463 cisco]
224 2428 246 2452 a
263 2417 384 2464 Japao
415 2429 475 2452 ern
499 2425 539 2461 15
569 2417 618 2452 de
638 2417 787 2462 Agosto
805 2415 853 2451 de
882 2424 984 2461 1549:
1011 2415 1133 2462 partio
1150 2415 1199 2450 de
1218 2416 1339 2462 Japao
1369 2427 1460 2462 para
1477 2427 1498 2450 a
1522 2415 1631 2450 India
1650 2427 1710 2450 em

44 2477 49 2482 “
87 2474 309 2511 Novembro
332 2475 381 2511 de
415 2484 517 2521 1551.
551 2476 760 2512 Conforme
786 2487 807 2510 a
833 2474 907 2510 isto
933 2480 1068 2510 esteve
1099 2486 1160 2510 em
1179 2475 1300 2521 Japao
1320 2475 1415 2510 dous
1446 2486 1567 2510 annos
1592 2487 1612 2510 e
1633 2481 1731 2511 tres.

24 2539 26 2541 '
63 2545 250 2586 'mezesm

62 2642 67 2646 .
159 2596 168 2616 ¹
218 2595 276 2630 Ex
295 2596 549 2642 autographo,
569 2595 608 2630 in
626 2596 708 2630 cod.
729 2595 844 2630 Rom.
864 2598 1041 2642 autogr.
1061 2594 1165 2640 tr1pl
1168 2605 1203 2629 ei
1221 2593 1327 2641 foho
1347 2607 1384 2629 n.
1407 2602 1545 2630 CXCIX.
1562 2594 1710 2629 Recen-

80 2655 142 2688 ,ter
160 2653 334 2701 apposita
353 2659 414 2690 est
431 2666 599 2702 sequens
618 2654 831 2701 inscriptio:
849 2653 1070 2701 «Epistolae
1084 2655 1345 2700 autographae
1361 2654 1405 2689 S.
1426 2653 1623 2689 Francisci
1636 2654 1710 2688 Xa-

63 2703 182 2748 “verii
199 2713 247 2749 ad
264 2713 309 2749 S.
333 2714 377 2749 P.
397 2714 606 2761 Ignatium.
629 2721 737 2758 1552.
760 2723 805 2758 29
823 2714 983 2759 Januar.
1009 2713 1173 2750 Coeino.
1198 2714 1305 2749 Inte1
1323 2714 1416 2748 alias
1436 2713 1621 2759 epistolas
1648 2718 1710 2748 est

49 2771 182 2812 haec
199 2773 370 2809 omnium
385 2773 680 2821 pretiosissima,
696 2777 778 2808 tum
793 2774 842 2808 ob
857 2773 1091 2819 singularem
1112 2773 1374 2819 inscriptionis
1393 2773 1610 2812 formulam
1629 2778 1710 2808 tum

83 2831 139 2866 ob
156 2831 423 2868 incredibilem
441 2833 755 2869 benevolentiam
775 2844 890 2879 quam
915 2833 1085 2879 praefert
1108 2845 1199 2879 erga
1225 2833 1268 2868 S.
1305 2834 1346 2867 Ρ.
1371 2832 1582 2878 Ignatium.
1595 2845 1612 2865 »
1633 2833 1709 2867 Ha-

91 2887 184 2924 bent
207 2891 445 2938 apographa,
470 2890 587 2926 etiam
611 2889 773 2937 hispano
798 2901 996 2934 sermone,
1016 2891 1103 2925 cod.
1129 2891 1245 2926 Rom.
1271 2893 1439 2937 apogr.
1459 2901 1527 2925 nn.
1551 2897 1585 2934 5
1605 2888 1650 2933 48
1669 2894 1708 2924 et

27 2974 38 3061 ,ςέ-αρ-
23 2788 37 2973 ι-...ιαᾳξ-υ’
25 2771 30 2780 -
23 2684 35 2764 μαλε
