2049 3360
670 143 838 177 Docuit.
870 139 1135 185 146.-·ANNO
1164 139 1253 183 1546
1525 160 1528 164 -
1657 137 1720 172 831

136 245 291 290 docuit
320 244 594 287 confirmans
632 241 892 285 narratione
922 239 1111 282 alicuius
1142 239 1351 296 exempli,
1383 246 1652 294 argumento
1683 245 1774 281 tra-

139 329 263 366 ctato
285 319 595 377 congruentis.
623 320 719 363 Sub
742 320 854 361 haec
877 323 1059 373 praeeat
1082 317 1317 359 formulam
1347 314 1656 360 Confessionis
1679 316 1775 359 Ge—

142 398 323 450 neralis,
349 395 642 440 reddentibus
664 396 803 438 verba
842 393 1063 446 Parvulis3
1100 393 1281 436 monitis
1315 391 1490 435 cunctis
1518 398 1568 434 ut
1596 391 1773 435 interim

144 481 366 518 conentur
389 473 552 517 elicere
574 487 629 516 ex
661 471 818 514 intimo
841 469 978 513 animi
1006 477 1156 513 actum
1197 485 1327 514 verae
1356 468 1654 521 contritionis,
1679 468 1776 512 sive

143 551 312 594 doloris
349 551 406 594 de
442 549 639 605 peccatis
677 547 885 603 concepti
907 562 963 590 ex
1000 561 1191 602 syncero
1220 561 1371 590 amore
1393 545 1478 589 Dei
1500 545 1672 589 offensi.
1700 546 1775 588 Ad

141 634 396 672 extremum
413 627 574 682 jubeat
597 625 831 668 universos
855 624 1043 668 recitare
1062 623 1145 666 tria
1162 626 1255 666 Ave
1277 624 1448 675 Marica·
1472 622 1672 666 Primum
1695 636 1776 678 pro

146 703 483 755 Praesentibus3
510 702 683 757 reliqua
706 702 796 744 duo
813 715 895 756 pro
918 700 1016 743 aliis
1039 701 1095 742 ad
1117 700 1366 743 arbitrium.

904 918 1018 958 146

403 1022 619 1066 SYMBOLI
654 1034 958 1064 CATHOLICAE
990 1035 1118 1064 FIDEI
1154 1033 1455 1064 DECLARATIO
1492 1021 1520 1062 1.

683 1128 733 1171 In
756 1128 936 1171 Moluco
958 1142 1076 1170 anno
1111 1128 1235 1182 1546.

236 1241 510 1297 Declaraeao
533 1254 620 1296 que
643 1255 670 1283 o
693 1243 834 1283 Beato
861 1240 1005 1283 Padre
1022 1241 1057 1283 F
1061 1240 1262 1283 rancisco
1282 1241 1350 1284 fez
1366 1240 1498 1283 sobre
1515 1254 1541 1282 o
1560 1241 1776 1296 Symbolo

127 1320 230 1362 ‘dos
252 1318 513 1374 Apostolos.

242 1409 276 1439 Ι.
344 1396 378 1438 F
382 1395 516 1451 olgay
539 1395 726 1438 cristaos
750 1394 805 1436 de
827 1393 959 1436 ouuir
981 1410 1006 1437 e
1028 1395 1159 1437 saber
1181 1409 1311 1437 como
1329 1396 1466 1449 Deos,
1488 1396 1689 1455 criando2
1707 1396 1776 1439 fez

144 1472 275 1516 todas
298 1487 347 1515 as
369 1486 532 1516 couzas
555 1486 660 1528 pera
677 1470 852 1525 servico
880 1477 900 1497 a
923 1472 1003 1513 dos
1021 1472 1225 1515 homens.
1249 1471 1634 1528 Primeyramente
1651 1473 1778 1517 criou

144 1566 198 1594 os
220 1564 324 1593 ceos
345 1565 370 1594 e
392 1564 416 1592 a
440 1557 574 1601 terra,
600 1563 650 1592 os
673 1548 815 1603 anjos,
841 1563 867 1590 o
890 1548 999 1600 sole,
1031 1563 1057 1590 a
1083 1548 1158 1591 lua
1186 1563 1210 1591 e
1233 1563 1281 1591 as
1311 1549 1330 1575 b
1360 1550 1577 1601 estrellas,
1603 1565 1726 1605 aves,
1751 1566 1776 1594 e

143 1627 368 1671 alimarias
390 1641 477 1682 que
501 1625 647 1670 vivem
670 1640 741 1669 em
764 1639 789 1667 a
812 1632 930 1669 terra
953 1641 977 1669 e
1000 1639 1051 1667 os
1074 1624 1179 1679 rios,
1205 1640 1230 1668 e
1252 1640 1302 1668 os
1330 1626 1482 1682 peixes
1511 1641 1599 1681 que
1627 1627 1775 1672 vivem

145 1720 219 1749 em
242 1720 290 1748 as
312 1718 469 1760 agoas:
490 1718 514 1746 e
536 1703 758 1746 acabadas
775 1703 831 1745 de
853 1702 969 1745 criar
991 1703 1121 1745 todas
1143 1717 1191 1746 as
1213 1717 1392 1756 couzas,
1418 1718 1499 1759 por
1520 1704 1776 1748 derradeiro

147 1782 276 1826 criou
297 1796 352 1824 ao
374 1788 390 1808 ⁰
420 1783 598 1824 homem
621 1784 647 1823 a
668 1794 774 1823 ssua
796 1780 1096 1834 semelhanca.

240 1871 280 1902 2.
347 1859 389 1902 O
412 1857 622 1914 primeiro
643 1858 823 1899 homem
846 1871 934 1912 que
960 1858 1082 1900 Deos
1105 1856 1229 1899 criou
1254 1856 1312 1899 soi
1336 1858 1498 1910 Adam,
1525 1873 1549 1901 a
1571 1859 1779 1914 primeira

148 1933 321 1981 molher
343 1937 453 1988 Eva;
479 1949 504 1978 e
526 1933 680 1990 depois
704 1947 793 1989 que
821 1934 944 1977 Deos
972 1932 1096 1976 criou
1125 1934 1272 1976 Adam
1305 1949 1330 1977 e
1358 1935 1453 1976 Eva
1481 1937 1558 1978 n’o
1591 1935 1777 1980 Paraiso

148 2014 325 2065 terreal,
351 2027 401 2056 os
423 2011 634 2055 hendisse
656 2025 681 2053 e
702 2024 858 2063 cazou,
885 2025 910 2054 e
932 2011 1029 2054 lhes
1051 2011 1246 2053 mandou
1271 2025 1359 2066 que
1382 2012 1586 2055 fizessem
1604 2013 1735 2056 filhos
1753 2028 1778 2057 e

147 2104 383 2148 povassem
407 2089 426 2116 ‘¹
455 2104 481 2132 a
504 2096 622 2133 terra
643 2088 699 2132 de
732 2094 885 2143 gente:
910 2101 936 2130 e
957 2087 1015 2131 de
1037 2088 1185 2130 Adam
1215 2103 1240 2132 e
1269 2088 1326 2130 de
1350 2089 1443 2130 Eva
1474 2088 1617 2132 vimos
1651 2091 1779 2134 todas

148 2182 200 2210 as
222 2174 384 2224 gentes
405 2167 463 2209 do
485 2166 670 2208 mundo:
696 2179 720 2207 e
742 2163 839 2219 pois
861 2165 982 2206 Deos
1005 2178 1030 2206 a
1052 2164 1199 2207 Adam
1223 2168 1309 2207 nao
1331 2165 1418 2207 deu
1436 2165 1546 2208 mais
1563 2167 1620 2210 de
1642 2168 1780 2211 huma

152 2245 338 2296 molher‚
365 2244 485 2287 claro
508 2246 604 2286 esta
627 2256 715 2296 que
737 2248 891 2284 contra
913 2242 1034 2285 Deos
1056 2255 1107 2283 os
1128 2254 1309 2285 mouros
1341 2256 1366 2284 e
1394 2242 1572 2298 gentios
1601 2259 1625 2287 e
1654 2259 1779 2287 maos

152 2321 376 2364 christaos
400 2327 489 2364 tem
512 2319 675 2362 muitas
699 2319 934 2362 molheres.

224 2484 245 2504 a
271 2487 362 2522 pera
391 2473 599 2519 remedios,
634 2473 737 2508 Mac.
943 2473 962 2499 b
989 2473 1046 2507 sol
1073 2484 1094 2507 e
1123 2483 1145 2507 a
1176 2473 1238 2507 lua
1262 2484 1283 2507 e
1309 2484 1364 2518 as,
1391 2473 1485 2508 ibid.
1694 2483 1711 2503 c
1740 2488 1776 2522 a,

154 2536 247 2571 ibid.
464 2534 483 2562 d
511 2544 756 2580 povoassem‚
792 2532 888 2567 ibid,

226 2657 235 2676 ¹
286 2655 344 2689 Ex
361 2654 473 2689 Hist.
497 2653 544 2687 P.
569 2650 801 2696 Gongtalves,
822 2650 866 2685 ff.
891 2650 1088 2686 220v-226.
1115 2652 1245 2686 Habet
1268 2652 1385 2687 etiam
1410 2655 1650 2701 exemplum,
1676 2657 1777 2702 quod

150 2714 286 2749 ultima
303 2713 438 2760 quinta
456 2717 564 2759 parte
582 2716 702 2756 caret,
721 2711 804 2746 cod.
826 2710 943 2752 Mac.²
965 2709 1004 2745 ff.
1024 2709 1168 2755 77-80r‚
1187 2711 1298 2757 cujus
1317 2713 1442 2748 varias
1460 2713 1647 2749 lectiones
1663 2715 1702 2750 in
1713 2727 1778 2750 an-

154 2773 416 2809 notationibus
440 2769 830 2807 indicamus.—Vide
854 2770 1037 2816 Possm„
1062 2770 1129 2805 lib.
1156 2770 1225 2816 IV,
1250 2782 1316 2817 ep.
1345 2772 1375 2806 I:
1402 2773 1575 2809 MENCH.
1593 2801 1602 2818 ,
1628 2774 1695 2809 lib.
1724 2775 1776 2822 ΙΙ,

151 2844 220 2879 ep.
246 2831 301 2867 13.
321 2833 433 2867 Hanc
451 2829 618 2877 symboli
635 2829 936 2865 declarationem
954 2828 993 2864 in
1007 2830 1159 2865 Moluco
1174 2830 1381 2877 neophytis
1397 2831 1573 2875 tradebat
1587 2833 1778 2870 Xaverius

154 2903 255 2928 anno
276 2892 379 2938 1546,
401 2903 563 2938 eamque
582 2889 762 2937 sequenti
786 2899 885 2923 anno
909 2888 1003 2935 ipsis
1029 2889 1211 2936 scriptam
1235 2889 1392 2937 reliquit
1409 2902 1497 2926 cum
1516 2892 1701 2928 Malacam
1720 2905 1778 2929 re-

157 2953 290 2999 vertit,
309 2957 352 2988 ut
370 2951 503 2987 videre
522 2955 583 2985 est
601 2961 730 2996 supra,
750 2960 811 2995 ep.
831 2948 891 2993 61,
911 2960 976 2983 nn.
997 2959 1019 2994 9
1038 2954 1077 2984 et
1099 2947 1154 2984 13.
