2049 3360
462 104 595 138 INDEX
620 110 903 138 PERSONARUM
927 110 1089 136 MAXIME
1115 111 1169 137 ET
1194 111 1394 138 LOCORUM

160 204 267 239 illum
287 203 418 238 statim
437 203 561 239 Goam
587 214 766 249 pergere,
786 206 825 237 et
843 201 891 236 ad

157 264 377 310 japonicam
397 263 686 309 expeditionem
705 273 747 297 se
766 262 892 296 accin-

160 335 269 369 gere,
288 323 372 367 781,
394 323 477 367 782,
497 331 581 368 794,
600 330 684 367 797,
703 331 787 368 929,
806 330 890 367 921;

163 382 199 417 01
217 382 354 417 scribit
372 381 578 425 Xaverius,
605 381 782 426 897-900.

115 440 309 485 Herodes,
330 439 417 484 834.

115 499 327 535 Hibernica
346 499 490 544 legatio
508 499 584 533 ΡΡ.
601 498 836 534 Salmeronis
855 504 895 533 et

163 559 294 602 Broet‚
315 567 398 604 229,
419 566 501 602 245.

116 619 412 664 Hierosolymae
435 617 712 661 (Hierusalem,
740 618 895 662 Jerusa—

163 679 269 723 lem),
287 676 372 721 732,
393 675 477 721 735,
497 685 583 721 740,
599 674 683 720 834,
699 674 784 721 836,
803 674 890 720 837.

117 736 353 780 Hindostan,
375 743 432 779 27.

118 795 320 842 Hispania,
352 794 476 839 XXV,
508 801 568 838 72,
598 793 678 840 161,
704 803 786 838 202,
812 791 896 837 203,

166 855 250 900 206,
271 862 356 900 207,
382 861 465 898 245,
490 860 574 899 514,
598 853 684 897 670,
709 852 794 898 671,
812 851 897 897 698,

167 913 250 959 726,
267 912 598 958 738.——Hispanae
612 911 748 946 classis
762 910 841 945 dux
860 910 900 944 in

168 972 369 1018 Moluccis,
390 984 427 1006 v.
448 971 576 1017 Lopez
593 971 641 1005 de
660 969 894 1005 Villalobos.

169 1033 362 1077 -Reges,
397 1043 438 1066 v,
479 1030 641 1065 Carolus
675 1029 725 1073 V,
762 1029 898 1074 imper:

169 1090 289 1126 Maria
309 1091 423 1125 Anna
440 1090 488 1124 de
505 1088 680 1124 Austria.

120 1150 323 1197 Hispania.
339 1149 545 1184 Provincia
560 1148 600 1183 S.
622 1149 675 1195 J.,
690 1148 774 1194 ejus
793 1159 903 1194 prae-

168 1221 249 1257 pos.
266 1208 529 1256 provineialis,
546 1220 583 1243 v.
605 1208 744 1242 Araoz:
762 1207 900 1253 Puyal.

121 1267 340 1310 Hollandia,
365 1266 449 1312 487.

126 1504 302 1552 Ignatius
320 1504 369 1539 de
389 1504 550 1550 Loyola,
568 1515 610 1538 v.
636 1503 793 1548 Loyola.

125 1565 213 1600 Ihor
230 1575 313 1607 reX,
334 1563 370 1598 ei
390 1574 457 1609 per
475 1561 631 1609 aliquod
646 1567 799 1608 tempus
818 1562 907 1596 sub-

169 1623 275 1670 jecta
292 1622 367 1657 fuit
385 1623 545 1663 Malaca,
566 1630 650 1666 270.

127 1682 236 1718 India
253 1680 535 1726 Occidentalis,
564 1680 604 1715 in
622 1685 734 1725 textu
753 1679 906 1714 «Indias

173 1740 236 1776 del
256 1738 534 1786 Emperaclor»,
552 1746 637 1785 425,
655 1737 738 1782 439.

126 1800 237 1836 India
255 1798 486 1837 Orientalis.
516 1798 603 1833 Non
621 1798 790 1833 citantur
808 1798 906 1844 loca,

174 1859 214 1894 in
231 1859 374 1905 quibus
392 1858 489 1893 haec
503 1869 579 1892 vox
597 1857 805 1903 reperitur,
825 1862 907 1891 turn

171 1918 262 1965 quia
280 1917 404 1952 ferme
424 1916 463 1951 in
482 1917 663 1951 omnibus
688 1914 840 1962 paginis
859 1915 907 1950 de

172 1990 218 2013 ea
242 1983 303 2012 est
327 1988 475 2021 sermo,
503 1981 585 2010 tum
616 1975 728 2022 quia,
753 1974 786 2010 si
815 1974 909 2021 quid

171 2037 377 2084 speciatim
408 2036 456 2071 de
485 2047 530 2070 ea
560 2035 768 2070 dicendum
787 2039 907 2079 esset,

168 2096 264 2143 jam,
283 2107 372 2131 cum
395 2095 444 2130 de
471 2094 636 2140 singulis
649 2093 825 2141 personis
843 2099 910 2128 aut

175 2156 269 2191 locis
288 2154 431 2200 agitur,
446 2153 594 2189 dictum
613 2159 690 2189 est.

129 2214 426 2250 —Gubernator
451 2218 518 2248 aut
544 2224 698 2259 proreX,
723 2224 760 2246 v.
790 2212 911 2247 Albu-

175 2284 364 2321 querque:
397 2273 560 2308 Affonso
589 2272 639 2307 de
669 2272 806 2307 Sousa:
839 2271 912 2307 Ca-

176 2335 272 2369 bral:
295 2332 448 2378 Castro,
475 2333 645 2378 Joannes
661 2331 725 2366 de:
752 2330 912 2376 Brigan-

177 2394 251 2429 tia:
288 2392 433 2438 Gama,
469 2390 692 2437 Stephanus
731 2390 799 2425 da:
835 2390 912 2424 No-

175 2452 309 2488 ronha:
342 2450 405 2486 Sa:
443 2450 731 2485 Mascarenhas.
746 2449 911 2484 —Vica·

176 2509 256 2544 rius
285 2507 497 2555 generalis,
532 2519 570 2542 v.
603 2507 699 2550 Vaz,
731 2506 910 2542 Michael:

175 2567 402 2603 Fernandes
422 2566 626 2602 Sardinha.

130 2627 256 2663 India.
280 2624 488 2662 Provincia
506 2624 551 2661 S.
576 2625 630 2671 J.,
648 2623 685 2670 3,
710 2624 913 2669 146.—Su-

178 2684 321 2732 perior,
337 2697 378 2720 v.
404 2685 611 2719 Barzaeus:
633 2683 812 2719 Camers.

132 2743 427 2791 Iniquitribirim
445 2744 523 2786 (vel
548 2742 676 2789 Iniqui
699 2742 914 2788 Teuerim),

180 2802 437 2838 Travancoris
456 2813 541 2847 rex,
560 2813 630 2836 rex
655 2813 831 2849 magnus
860 2800 915 2836 di-

182 2866 283 2905 ctus,
315 2859 375 2905 36,
402 2858 485 2905 315,
521 2857 693 2904 337-339,
719 2857 804 2906 343,
831 2858 914 2905 344,

1632 109 1700 146 995

1010 212 1093 248 944;
1132 202 1206 249 ipsi
1240 202 1376 237 scribit
1410 202 1623 246 Xaverius,
1656 200 1745 246 331;

1011 262 1285 297 brachmanem
1326 261 1465 305 mittit,
1507 261 1573 307 qui
1614 272 1749 307 pacem

1011 331 1099 354 curn
1124 320 1285 366 badagis
1309 320 1429 362 ineat,
1455 319 1540 365 333,
1566 318 1649 364 3353
1678 320 1753 354 Xa-

1014 378 1143 413 verius
1162 378 1209 413 ad
1227 390 1316 413 eum
1334 377 1583 413 invisendum
1604 389 1647 412 se
1675 377 1752 412 dis-

1013 437 1136 483 ponit,
1161 436 1243 482 349:
1264 437 1342 472 duo
1368 436 1474 471 mille
1499 436 1662 471 fanones
1686 436 1750 471 do—

1014 502 1080 531 nat
1094 497 1142 531 ad
1156 497 1306 532 aedific.
1318 497 1462 542 templa
1477 496 1516 530 in
1531 507 1601 530 suo
1616 505 1750 541 regno,

1015 555 1103 600 379.
1123 575 1170 582 -
1186 556 1394 601 Princeps,
1432 554 1518 600 ejus
1546 553 1750 597 sobrinus,

1014 614 1097 660 314,
1116 613 1198 658 315;
1219 613 1498 648 amicissimum
1517 624 1559 647 se
1574 612 1753 647 christia-

1015 684 1149 708 norum
1180 672 1366 717 ostendit,
1398 671 1482 717 337,
1510 671 1593 716 3383
1626 671 1674 707 de
1707 683 1754 706 eo

1017 734 1136 767 malos
1170 731 1332 766 nuncios
1363 732 1540 766 scribunt
1566 731 1753 777 Xaverio,

1016 791 1099 836 3433
1120 803 1209 826 eum
1228 791 1363 826 invisit
1381 792 1424 825 P.
1445 790 1609 834 Coelho,
1637 802 1754 837 quem

1018 861 1158 896 magno
1176 862 1265 885 cum
1283 851 1427 885 honore
1445 849 1602 896 recipit,
1621 848 1703 894 344.

971 911 1087 956 Isola,
1107 910 1246 945 Petrus
1264 909 1368 954 dell',
1390 914 1562 956 typogr.,
1578 908 1662 953 936.

973 969 1130 1010 Isoumi,
1151 968 1351 1015 provincia
1370 968 1574 1015 Japoniae,
1593 967 1681 1012 648.

973 1029 1098 1075 Italia,
1128 1038 1207 1074 194,
1235 1037 1318 1072 202,
1344 1027 1428 1073 352,
1455 1028 1646 1072 514,·670,
1671 1027 1756 1071 671,

1020 1087 1105 1134 698,
1124 1088 1208 1133 726,
1227 1095 1311 1132 727,
1331 1086 1417 1133 738,
1436 1087 1520 1122 811.

974 1147 1101 1192 Ivrea,
1122 1158 1159 1180 v.
1182 1145 1387 1192 Eporedia.

1342 1237 1383 1275 ‚1

978 1326 1148 1372 Jacobus
1168 1326 1359 1370 (Jacome)
1378 1326 1535 1369 Abuna,
1555 1325 1762 1371 episcopus

1027 1384 1238 1429 Armenus,
1255 1391 1337 1427 511.

978 1444 1150 1490 Jacobus
1169 1442 1303 1489 major,
1324 1448 1464 1489 apost.,
1484 1441 1760 1489 sanctus,v837.

978 1503 1148 1549 Jacobus
1168 1502 1304 1546 minor,
1329 1507 1470 1549 apost„
1490 1507 1661 1547 sanctus,
1677 1502 1761 1546 840.

979 1561 1317 1608 Jafanapatanum,
1333 1561 1486 1596 Ceilani
1500 1561 1651 1596 insulae
1659 1572 1762 1607 pars,

1025 1620 1110 1665 336,
1129 1619 1213 1666 360,
1228 1619 1312 1666 378,
1328 1619 1570 1662 382.—Rex‚
1586 1618 1763 1666 336,370·‚

1027 1681 1168 1715 multos
1196 1678 1429 1714 christianos
1458 1679 1498 1714 in
1528 1679 1655 1714 insula
1689 1679 1766 1713 Ma-

1026 1751 1094 1774 nar
1112 1737 1310 1783 interficit,
1332 1746 1391 1783 55,
1414 1738 1470 1783 56,
1504 1737 1587 1783 3683
1617 1738 1666 1773 de
1682 1737 1767 1784 ejus

1026 1798 1228 1845 punitione
1252 1798 1335 1843 agit
1366 1798 1558 1833 Xaverius
1590 1810 1679 1833 cum
1706 1798 1768 1832 In-

1025 1857 1113 1893 diae
1131 1858 1318 1903 Prorege,
1334 1856 1418 1902 351,
1438 1857 1522 1902 3553
1535 1857 1650 1903 jubet
1676 1858 1769 1892 Pro-

1027 1928 1096 1951 rex
1114 1928 1203 1950 eum
1222 1915 1403 1960 interfici,
1419 1921 1505 1957 aut,
1526 1916 1559 1951 si
1580 1915 1693 1950 aliter
1714 1915 1768 1950 vi-

1027 1987 1112 2010 sum
1143 1974 1262 2010 fuerit
1291 1975 1475 2019 Xaverio,
1499 1975 1615 2022 hujus
1634 1976 1770 2010 volun-

1028 2039 1149 2070 tatem
1182 2033 1283 2079 fieri,
1316 2032 1407 2080 3693
1440 2045 1582 2069 navem
1612 2033 1771 2069 lusitani

1027 2093 1146 2139 regis,
1157 2092 1420 2128 mercimoniis
1439 2099 1635 2138 onustam,
1650 2092 1770 2139 capit,

1027 2159 1185 2200 propter
1198 2152 1301 2200 quod
1314 2152 1494 2188 differtur
1508 2152 1675 2199 punitio,
1685 2151 1768 2187 382.

1028 2213 1170 2258 —Ejus
1189 2212 1324 2258 frater,
1343 2213 1497 2258 haeres,
1516 2210 1599 2257 369.

983 2272 1093 2319 Jajus
1123 2273 1176 2315 (le
1208 2273 1313 2318 Jay),
1340 2272 1388 2307 P.
1426 2271 1627 2315 Claudius,
1649 2271 1692 2306 S.
1717 2271 1772 2317 J.,

1030 2331 1156 2374 XXV,
1177 2339 1259 2375 242,
1276 2338 1362 2375 247.

983 2390 1159 2436 Japonia,
1179 2390 1289 2435 VIII,
1307 2390 1455 2435 XVIII,
1473 2389 1601 2434 XXII,
1628 2387 1773 2432 XXIII,

1031 2450 1176 2495 XXVI,
1192 2449 1338 2493 XXIX,
1357 2447 1394 2493 8,
1411 2457 1471 2492 20,
1491 2456 1573 2493 120,
1592 2447 1773 2495 123„125,

1036 2508 1116 2554 126,
1140 2508 1220 2554 128,
1243 2516 1323 2552 129,
1359 2505 1440 2553 132,
1476 2506 1557 2554 136,
1589 2515 1670 2554 150,
1694 2506 1775 2553 1⁵81,

1036 2565 1117 2611 183,
1140 2575 1221 2613 192,
1249 2565 1327 2611 196,
1355 2564 1440 2611 434,
1471 2564 1557 2612 435,
1586 2576 1673 2612 444,
1691 2575 1776 2611 449,

1033 2633 1118 2671 457,
1143 2625 1228 2670 481,
1253 2635 1339 2670 499,
1363 2624 1449 2669 496,
1477 2632 1570 2670 591,
1589 2633 1674 2670 514,
1694 2632 1776 2679 517,

1034 2692 1118 2728 521,
1144 2682 1228 2730 523,
1249 2691 1333 2728 525,
1359 2690 1443 2729 529,
1469 2681 1555 2730 563,
1581 2683 1666 2728 565,
1692 2691 1776 2728 579,

1034 2749 1118 2788 571,
1139 2750 1223 2788 597,
1241 2741 1328 2788 600,
1358 2741 1441 2785 626,
1470 2740 1558 2788 628,
1586 2740 1673 2788 630,
1692 2740 1778 2785 633,

1033 2799 1119 2846 636,
1150 2799 1234 2845 637,
1265 2800 1350 2846 647,
1377 2799 1464 2846 650,
1492 2799 1668 2845 653-659,
1692 2799 1778 2844 661,

1033 2858 1119 2904 664,
1154 2858 1328 2905 666-668,
1358 2859 1443 2904 670,
1477 2858 1658 2903 672-674,
1690 2858 1776 2903 682,
