2018 3510
309 189 378 225 302
791 189 1070 224 MoxUMENTA
1097 190 1355 224 XAVERIANA

261 290 338 346 qui
361 305 595 345 nunquam
617 305 813 347 possem.
837 291 885 332 In
903 289 1183 342 ciuitatibus,
1204 287 1284 346 per
1300 304 1413 345 quas
1430 290 1539 332 mihi
1558 290 1643 332 iter
1659 298 1744 343 est,
1766 291 1901 336 relin-

260 384 350 425 quo
374 368 601 412 orationes
623 366 830 423 scriptas,
857 380 1025 422 easque
1048 367 1214 409 mando
1243 366 1380 409 scribi
1409 368 1465 410 ab
1494 366 1565 410 his
1594 367 1671 424 qui
1701 368 1900 414 scribere

257 453 444 499 norunt,
486 444 702 490 memoria
740 444 899 496 teneri,
932 458 1102 500 perque
1131 443 1338 500 singulos
1366 445 1462 487 dies
1490 445 1595 498 dici,
1626 446 1776 502 legem
1803 453 1897 490 sta—

258 531 407 575 tuens,
440 523 690 567 secundum
721 521 888 579 [quam]
927 521 1088 564 diebus
1124 520 1362 564 dominicis
1391 523 1447 564 ad
1475 511 1552 565 eas
1584 525 1900 566 memorandas

254 606 434 645 coeant:
460 600 608 643 virum
632 601 826 657 aliquem
849 601 1022 643 bonum
1052 599 1197 656 eligo,
1230 600 1304 643 cui
1332 600 1430 644 eius
1457 600 1574 657 legis
1602 602 1658 643 ab
1688 600 1898 644 omnibus

253 678 511 735 implendae
533 677 768 734 prouincia
790 676 1026 719 incumbit.

347 758 385 799 8.
451 756 582 800 Multi
605 756 679 798 hic
701 762 824 807 sunt,
850 754 927 810 qui
949 754 1051 798 ideo
1080 769 1171 797 non
1195 754 1388 799 ueniunt
1410 756 1467 798 ad
1489 756 1643 798 lumen
1664 755 1901 812 euangeli-

253 849 337 878 cae
361 830 581 886 ueritatis,
608 832 713 888 quia
735 847 827 874 non
851 838 919 875 est
942 831 1018 887 qui
1042 831 1087 873 in
1112 838 1202 874 tam
1231 839 1389 875 sancta
1417 832 1716 889 occupatione
1744 847 1900 876 uerse—

257 919 345 954 tur.
385 913 666 966 Frequenter
694 909 869 952 inuadit
898 909 1094 965 impetus
1123 908 1402 966 irrumpendi
1434 909 1480 952 in
1509 909 1762 954 academias
1791 910 1901 970 istas

252 989 309 1047 (si
331 988 464 1032 isthic
488 988 648 1044 essem)
680 994 725 1031 et
755 985 861 1029 totis
891 986 1099 1029 faucibus
1128 986 1425 1039 uociferandi,
1457 1001 1542 1030 ceu
1573 988 1719 1030 solent
1748 994 1899 1031 mente

251 1067 390 1123 capti,
417 1066 611 1128 maxime
628 1065 674 1108 in
692 1064 969 1109 academiam
988 1064 1280 1117 Parisiorum,
1304 1072 1353 1108 ut
1370 1065 1415 1107 in
1434 1066 1689 1110 Sorbonam
1707 1065 1898 1109 inuehar

252 1145 475 1188 aduersus
498 1157 592 1197 eos,
618 1142 694 1198 qui
713 1142 860 1199 magis
877 1143 1084 1185 laborant
1102 1143 1245 1185 multa
1261 1142 1393 1195 scire,
1416 1157 1551 1197 quam
1574 1158 1657 1185 sua
1674 1142 1892 1200 scienti[a]

250 1221 352 1264 aliis
375 1221 508 1264 utiles
531 1235 646 1264 esse.
675 1221 801 1275 Quot
824 1219 1015 1271 animae,
1042 1234 1121 1275 per
1142 1219 1462 1276 ignorantiam,
1488 1219 1756 1276 praecipites
1789 1221 1819 1241 ¹²
1849 1220 1896 1262 in

252 1297 589 1342 damnationem
608 1298 832 1349 feruntur,
847 1311 959 1352 quas
977 1296 1151 1339 creauit
1162 1296 1485 1352 Omnipotens,
1499 1304 1550 1339 ut
1567 1297 1895 1342 beatitudinem

249 1375 497 1431 aliquando
520 1374 735 1429 uitaeque
756 1373 1141 1418 immortalitatem
1165 1373 1438 1429 acciperent!
1466 1374 1558 1430 Qui
1582 1374 1619 1416 si
1644 1381 1694 1416 ut
1720 1374 1766 1416 in
1795 1374 1898 1419 lite-

252 1453 314 1496 ris
337 1453 427 1496 alta
450 1460 495 1497 et
518 1452 728 1496 sublimia
751 1452 1133 1508 contemplantur,
1160 1451 1222 1494 ita
1244 1452 1301 1494 ob
1325 1452 1481 1495 oculos
1509 1453 1731 1496 haberent
1760 1452 1898 1495 ratio-

250 1546 355 1575 nem
395 1529 569 1586 accepti
607 1545 632 1573 a
670 1528 991 1586 patrefamilias
1036 1528 1215 1582 talenti,
1259 1544 1393 1585 quam
1426 1530 1653 1572 subducet
1685 1529 1759 1573 ille
1792 1543 1895 1571 cum

250 1608 397 1653 seruis
409 1607 502 1651 suis
520 1607 598 1650 ubi
617 1606 810 1659 uenerit,
836 1605 966 1649 multi
982 1621 1155 1658 eorum,
1170 1606 1418 1662 repudiatis
1436 1606 1634 1649 consiliis
1652 1621 1768 1661 quae
1786 1621 1892 1662 pro-

247 1687 494 1737 bauerunt,
516 1684 647 1728 aliam
665 1683 832 1727 inirent
849 1684 985 1736 uiam,
1006 1683 1077 1727 sui
1089 1683 1239 1739 potius
1257 1698 1391 1738 quam
1409 1683 1641 1726 literarum
1659 1683 1892 1727 scientiam

244 1765 530 1814 affectarent,
546 1763 831 1806 uoluntatem
843 1761 1044 1804 diuinam
1057 1760 1311 1817 intelligere
1327 1762 1601 1813 laborarent,
1616 1760 1891 1805 intellectam

249 1840 296 1883 in
319 1855 367 1884 se
396 1839 572 1896 impleri
594 1838 922 1892 desiderarent,
947 1838 1166 1883 dicentes:
1198 1838 1434 1891 «Domine,
1455 1852 1563 1881 ecce
1586 1839 1761 1881 adsum:
1783 1838 1892 1893 quid

249 1933 321 1962 me
346 1917 414 1961 uis
439 1918 608 1962 facere?
632 1916 763 1960 Mitte
784 1930 858 1958 me
879 1931 970 1971 quo
994 1915 1080 1968 uis,
1106 1915 1241 1959 etiam
1264 1917 1322 1959 ad
1343 1915 1490 1968 indos,
1516 1915 1729 1967 Domine,
1762 1915 1800 1958 si
1830 1915 1893 1959 ita

247 1995 364 2038 uis.»
393 1997 580 2051 Quanto
598 1993 939 2049 tranquiliorem
960 1995 1099 2036 uitam
1117 2000 1323 2050 agerent,
1345 2001 1517 2048 quanto
1535 1992 1693 2036 maiori
1711 1991 1893 2036 diuinae

246 2071 584 2116 misericordiae
606 2070 789 2118 fiducia,
815 2071 972 2113 mortis
1002 2078 1207 2127 tempore
1229 2070 1448 2114 iudicium
1477 2070 1605 2122 illud,
1632 2070 1755 2125 quod
1777 2070 1892 2114 effu-

247 2163 357 2206 gere
380 2164 512 2193 nemo
537 2148 717 2205 poterit,
743 2155 1053 2204 expectarent,
1073 2147 1255 2191 dicturi:
1278 2149 1488 2200 Domine,
1507 2148 1706 2204 quinque
1724 2147 1893 2190 talenta

244 2227 484 2269 tradidisti
505 2226 634 2278 mihi,
657 2240 750 2268 ecce
773 2226 867 2267 alia
890 2225 1088 2280 quinque
1109 2226 1452 2281 superlucratus
1477 2239 1579 2267 sum
1607 2224 1653 2266 ¹⁵!
1682 2224 1773 2268 Sed
1795 2237 1893 2266 me-

249 2311 329 2347 tuo
351 2318 408 2347 ne
431 2303 560 2346 multi
583 2318 758 2356 eorum,
778 2302 856 2358 qui
873 2302 919 2344 in
938 2302 1180 2345 academiis
1197 2303 1307 2345 dant
1323 2317 1506 2358 operam
1524 2300 1787 2357 disciplinis,
1808 2314 1891 2356 po—

249 2380 340 2423 tius
362 2381 407 2423 id
430 2387 687 2436 expectent,
713 2388 764 2422 ut
792 2395 872 2436 per
903 2394 980 2423 eas
1013 2379 1334 2423 nanciscantur
1362 2379 1625 2436 dignitateS,
1656 2377 1890 2434 episcopa-

250 2464 340 2510 tus,
366 2458 602 2510 beneficia,
630 2472 764 2512 quarn
783 2465 834 2500 ut
855 2471 909 2500 ea
927 2456 1109 2511 faciant,
1130 2472 1246 2513 quae
1264 2458 1413 2501 facere
1431 2471 1598 2512 equum
1617 2462 1686 2500 est
1703 2453 1890 2498 canoni-

243 2549 330 2579 ·cos
352 2542 397 2578 et
419 2535 666 2591 episcopos.
687 2536 735 2577 In
754 2549 831 2578 ore
849 2534 1059 2578 omnibus
1076 2544 1162 2588 est,
1186 2535 1315 2577 «volo
1331 2534 1474 2578 literis
1492 2548 1657 2577 uacare
1674 2540 1725 2576 ut
1740 2547 1891 2576 sacer-

249 2612 424 2656 dotium
448 2619 525 2654 aut
549 2611 901 2658 ecclesiasticam
931 2626 1149 2667 assequar
1175 2611 1463 2669 dignitatem,
1495 2626 1585 2666 qua
1617 2617 1759 2666 parta,
1792 2611 1892 2653 Deo

248 2690 451 2734 uiuam.»
479 2689 701 2733 Homines
723 2688 937 2732 animales
961 2689 1054 2744 qui,
1080 2704 1196 2744 quae
1218 2688 1326 2745 ipsis
1348 2703 1505 2732 eorum
1522 2687 1664 2731 dictat
1685 2689 1714 2710 ¹⁶
1733 2686 1889 2738 libido,

325 2897 355 2918 ¹4
405 2894 631 2942 precipites,
650 2907 728 2930 ms.

326 2957 355 2977 ¹⁵
406 2956 596 3001 MATTH.,
621 2955 747 3001 XXV,
767 2963 825 2989 20.

327 3017 356 3037 ¹⁶
406 3014 524 3061 dicta,
544 3027 617 3050 ms·
