2049 3360
416 160 484 196 830
902 160 1174 195 MONUMENTA
1200 159 1453 197 ,ΧΑνΕΗιΑΝΑ

355 265 472 305 haec
491 260 760 305 Catechista:
783 258 977 303 Creditis
996 274 1053 302 ne
1070 272 1168 301 esse
1186 259 1431 310 Infernum,
1454 260 1539 302 hoc
1557 266 1641 313 est,
1661 273 1821 315 rogum
1839 265 1985 303 aeter-

354 353 487 390 num,
512 352 600 392 quo
623 337 718 380 sine
741 336 830 379 fine
852 334 1172 378 cruciabuntur
1195 334 1270 389 qui
1294 334 1456 377 mortui
1486 335 1651 378 fuerint
1678 343 1855 378 exortes
1877 349 1982 390 gra—

363 415 449 458 tiae
471 413 570 466 Dei3
597 427 694 457 esse
717 412 851 454 etiam
878 410 1140 454 Paradisum
1163 418 1207 453 et
1230 410 1430 454 Gloriam
1462 418 1688 454 aeternam
1711 425 1799 466 qua
1828 411 1979 455 fruen-

359 499 434 534 tur
458 490 569 533 Boni
592 489 666 543 qui
684 488 821 531 vitam
844 486 1121 543 expleverint
1144 486 1189 529 in
1213 486 1298 530 Dei
1321 487 1482 543 gratia:
1509 502 1609 531 esse
1640 487 1834 543 denique
1863 489 1979 530 Pur-

358 567 581 623 gatorium
606 565 650 607 in
673 579 762 620 quo
788 563 978 607 Animae
1002 564 1057 606 ad
1080 571 1252 607 certum
1278 570 1453 619 tempus
1481 563 1762 607 satisfaciunt
1789 563 1978 606 Divinae
2027 572 2031 575 ·

362 643 558 686 Iustitiae
581 642 745 683 luendo
768 654 934 696 poenas
957 654 1141 682 suorum
1159 647 1464 696 peccatorum,
1485 655 1674 695 quorum
1699 640 1782 684 etsi
1803 640 1979 695 culpam

361 720 402 762 in
426 719 517 761 vita
539 716 799 767 deleverint,
832 731 1021 772 poenam
1045 723 1193 759 tamen
1217 715 1269 758 iis
1291 716 1488 759 debitam
1517 731 1608 759 non
1638 717 1769 772 plene
1799 716 1980 759 exolve·

358 797 481 839 runt?
505 795 670 837 Addet:
698 792 892 837 Creditis
915 800 1086 848 septem
1110 793 1247 836 Sacra
1257 799 1422 844 menta,
1442 792 1697 837 universam
1721 792 1980 836 Doctrinam

356 874 625 917 Sanctorum
649 869 1013 925 Evangeliorum,
1039 877 1084 913 et
1108 868 1324 924 quidquid
1347 877 1578 925 praeterea
1605 869 1747 913 credit
1774 877 1819 912 et
1847 868 1980 924 profi-

360 955 477 991 tetur
501 948 665 992 Sancta
689 945 887 989 Ecclesia
916 947 1136 988 Romana?
1158 945 1325 988 dicent:
1352 953 1517 988 cuncta
1546 945 1631 989 ista
1660 961 1737 1001 per
1766 945 1850 989 Dei
1872 959 1980 1000 gra-

357 1026 462 1068 tiam
485 1023 722 1067 credimus:
749 1036 852 1064 mox
876 1022 1040 1064 facient
1063 1021 1300 1077 petitiones
1318 1023 1430 1064 duas
1447 1037 1549 1065 cum
1569 1022 1756 1066 totidem
1775 1024 1917 1064 Pater
1934 1029 1978 1066 et

357 1104 465 1145 Ave.
492 1101 623 1144 Dicet
644 1100 715 1143 hic
739 1099 971 1155 Magister:
998 1100 1109 1141 haec
1132 1098 1298 1154 septies
1320 1099 1506 1142 recitata
1524 1101 1666 1141 Pater
1684 1106 1728 1143 et
1750 1100 1842 1141 Ave
1865 1099 1975 1142 offe-

360 1193 510 1222 ramus
542 1161 727 1233 Spiritui
754 1177 938 1227 Sancto,
965 1183 1014 1218 ut
1051 1176 1325 1231 locupletare
1354 1183 1530 1219 nostras
1556 1175 1726 1219 animas
1763 1175 1975 1231 dignetur

355 1255 450 1298 suis
480 1262 649 1310 septem
682 1252 826 1303 donis,
853 1251 1114 1307 praesertim
1137 1251 1190 1294 iis
1213 1266 1327 1306 quae
1356 1266 1438 1295 nos
1470 1252 1683 1307 adjuvare
1712 1259 1900 1307 possunt
1920 1252 1975 1294 ad
2007 1265 2012 1270 ·

360 1330 609 1374 firmissime
631 1329 853 1373 credenda
875 1336 1039 1371 cuncta
1062 1342 1177 1383 quae
1200 1328 1331 1372 Fides
1354 1329 1520 1373 Sancta
1543 1328 1776 1372 Catholica
1797 1342 1878 1371 nos
1895 1328 1976 1371 do-

355 1416 443 1452 cet.
466 1408 597 1451 Dicat
615 1415 713 1462 post
732 1408 814 1448 hoc
834 1405 1064 1461 Magister:
1091 1405 1280 1448 fecimus
1297 1407 1530 1458 hactenus,
1555 1406 1735 1449 Fratres
1750 1404 1854 1458 mei,
1874 1418 1976 1460 pro-

360 1484 597 1529 fessionem
620 1490 802 1525 nostrae
825 1482 1019 1526 Sanctae
1042 1481 1185 1525 Fidei.

448 1572 486 1615 5.
554 1561 708 1603 Restat
737 1567 786 1600 ut
824 1566 1153 1613 consequenter
1185 1572 1475 1602 exerceamus
1512 1559 1658 1601 Actus
1690 1558 1896 1609 duarum,
1921 1557 1976 1601 de

352 1637 519 1693 quibus
541 1635 667 1678 initio
688 1634 897 1686 diximus,
919 1634 1149 1678 Virtutum
1173 1634 1358 1677 aliarum
1382 1634 1488 1690 Spei
1510 1641 1555 1679 et
1585 1633 1811 1678 Caritatis.
1837 1632 1975 1690 Agite

352 1729 480 1771 ergo,
505 1712 640 1756 dicite
664 1726 854 1754 mecum:
880 1711 1060 1755 Christe
1076 1713 1197 1768 Jssu
1215 1712 1339 1755 Deus
1355 1718 1401 1754 et
1417 1711 1609 1755 Domine
1627 1710 1702 1763 mi,
1730 1711 1870 1754 fretus
1886 1723 1972 1766 ego

355 1799 431 1834 tua
454 1789 617 1833 Divina
641 1787 960 1839 Misericordia,
986 1802 1115 1843 spero
1147 1802 1226 1844 per
1248 1795 1325 1830 tua
1353 1787 1512 1832 merita
1541 1788 1650 1840 fore,
1676 1781 1726 1830 ut
1753 1794 1903 1830 motus
1928 1793 1972 1830 et

347 1868 532 1923 adjutus
556 1874 631 1908 tua
653 1865 815 1922 gratia,
840 1865 1123 1920 cooperando
1144 1879 1247 1908 cum
1271 1864 1481 1920 operibus
1503 1864 1785 1916 Christianis,
1820 1870 1864 1907 et
1892 1863 1973 1906 ob-

351 1944 571 1987 servando
594 1950 671 1985 tua
692 1942 921 1993 mandata,
947 1941 1204 1997 perveniam
1227 1941 1466 1996 aliquando
1483 1942 1538 1984 ad
1560 1940 1748 1997 gloriam
1766 1947 1812 1984 et
1834 1938 1991 1993 felicis

352 2028 488 2063 tatem
511 2020 567 2062 ad
589 2033 723 2074 quam
747 2032 816 2061 me
839 2018 1016 2062 creasti,
1043 2019 1162 2062 Amo
1187 2025 1230 2062 te
1243 2019 1368 2061 Deus
1383 2017 1459 2070 mi,
1479 2032 1614 2074 super
1632 2017 1777 2061 omnia
1801 2031 1856 2061 ex
1880 2023 1972 2059 toto

348 2097 484 2140 corde
521 2111 639 2140 meo.
682 2095 892 2138 Poenitet
929 2110 1000 2138 me
1024 2094 1267 2139 offendisse
1295 2102 1355 2146 te,
1381 2108 1483 2137 cum
1512 2094 1574 2138 sis
1598 2094 1741 2149 qualis
1765 2108 1827 2145 es,
1853 2091 1972 2136 omni

349 2174 497 2225 laude,
518 2173 822 2224 veneratione,
843 2171 1060 2227 obsequio
1077 2171 1386 2228 dignissimus,
1408 2179 1588 2227 propter
1605 2185 1830 2214 summum
1847 2183 1969 2213 amo-

350 2263 443 2292 rem
462 2263 595 2304 quem
620 2248 698 2291 tibi
720 2249 878 2300 debeo,
904 2255 953 2292 et
970 2248 1074 2303 quia
1098 2255 1141 2292 te
1162 2249 1297 2304 longe
1320 2247 1459 2304 pluris
1480 2261 1613 2302 quam
1632 2246 1809 2302 quidvis
1826 2260 1967 2301 quan·
1991 2262 1995 2268 ·

350 2325 557 2369 tumlibet
579 2339 794 2381 magnum
817 2324 1018 2376 aestimo,
1044 2323 1297 2368 firmissime
1318 2332 1468 2367 statuo
1489 2338 1717 2379 nunquam
1747 2338 1817 2367 me
1840 2330 1966 2365 actu-

350 2416 446 2443 rum
470 2403 590 2457 quod
624 2402 853 2446 offendere
890 2401 1030 2457 possit
1063 2408 1186 2444 tuam
1223 2400 1434 2444 Divinam
1467 2401 1775 2451 Voluntatem,
1815 2406 1860 2443 et
1896 2412 1965 2441 me

346 2477 555 2520 coniiciat
578 2478 622 2519 in
646 2478 893 2533 periculum
916 2477 1153 2522 excidendi
1175 2493 1201 2520 a
1224 2485 1302 2520 tua
1323 2484 1478 2520 sancta
1499 2476 1658 2534 gratia.
1682 2478 1845 2521 Amen.

441 2555 480 2596 6.
543 2555 643 2597 Hoc
666 2554 792 2608 quasi
815 2553 1094 2610 praeludium
1117 2568 1294 2610 semper
1319 2560 1417 2598 esto
1445 2553 1708 2598 Scholarum
1747 2552 1966 2596 Cateche-

351 2629 556 2682 ticarum;
583 2638 682 2685 post
704 2630 828 2686 quod
849 2629 1140 2686 aggrediatur
1170 2630 1426 2673 Catechista
1455 2629 1801 2674 declarationem
1829 2640 1965 2685 pecu-

347 2705 501 2749 liarem
525 2705 712 2748 alicuius
734 2705 959 2762 dogmatis
989 2713 1170 2750 nostrae
1197 2707 1390 2751 Sanctae
1415 2705 1555 2758 Fidei,
1586 2704 1864 2750 Sacramenti
1891 2708 1968 2747 aut
1989 2746 1995 2752 ,

350 2780 560 2833 Virtutis,
585 2781 680 2826 sive
703 2782 949 2834 Orationis,
975 2783 1048 2826 vel
1064 2782 1313 2839 cujuspiam
1336 2797 1488 2827 earum
1517 2796 1665 2825 rerum
1694 2795 1804 2837 quas
1831 2792 1964 2824 nosse
1993 2799 2004 2808 >

348 2856 654 2900 Christianum
677 2857 871 2913 expedit;
897 2872 1104 2905 sermone
1125 2866 1358 2915 perpetuo,
1378 2860 1458 2902 sed
1479 2859 1628 2915 plan0,
1648 2865 1694 2902 et
1715 2858 1771 2901 ad
1787 2856 1963 2901 rudium

347 2939 529 2989 captum
553 2934 905 2985 accommodato,
937 2934 1164 2990 explicans
1192 2936 1311 2990 quod
1332 2936 1481 2990 docet,
1512 2942 1646 2990 atque
1667 2935 1713 2977 in
1737 2934 1824 2978 fine
1841 2931 1961 2988 quod
