2148 3515
697 766 1196 823 PROOEMIUM

223 1180 458 1222 Prodeunt
481 1179 661 1222 tandem
684 1177 730 1220 in
758 1179 905 1222 lucem
935 1185 1146 1234 exoptata
1176 1178 1253 1220 diu
1284 1180 1574 1223 XAVERIANA
1603 1193 1762 1224 MONU—

136 1271 315 1309 MENTA,
342 1255 584 1312 diligenter
607 1255 841 1312 recognita
863 1270 915 1298 ac
938 1255 1090 1299 multis
1113 1255 1450 1298 accessionibus
1473 1256 1761 1312 locupletata.

133 1336 204 1379 De
227 1335 262 1377 F
265 1333 470 1377 rancisco
492 1339 643 1375 autem
667 1332 881 1386 Xaverio,
907 1332 943 1375 si
967 1347 1047 1388 pro
1069 1332 1294 1389 dignitate
1312 1333 1490 1377 luberet
1506 1333 1672 1386 dicere,
1694 1333 1763 1376 in-

134 1418 263 1468 tegra
300 1425 409 1454 sane
445 1409 676 1453 volumina
719 1416 872 1453 essent
909 1410 1258 1463 conseribenda;
1300 1417 1345 1452 at
1382 1424 1530 1465 neque
1569 1410 1606 1453 is
1630 1411 1760 1454 nobis

131 1489 358 1545 praefixus
381 1494 450 1532 est
473 1502 660 1543 scopus,
692 1501 777 1531 nec
805 1487 905 1530 talis
934 1502 1130 1544 magnus
1158 1487 1233 1531 ille
1261 1487 1490 1530 Indiarum
1514 1489 1763 1544 Apostolus

131 1573 214 1619 est,
257 1572 307 1608 ut
338 1565 384 1608 in
418 1564 617 1608 tenebris
648 1565 800 1621 jaceat
836 1565 908 1608 vel
937 1564 1328 1609 commendatione
1356 1571 1510 1608 nostra
1540 1565 1757 1622 indigeat;

132 1651 228 1686 tum
251 1643 356 1699 quia
386 1643 485 1699 ejus
515 1643 658 1697 facta,
692 1642 905 1696 virtutes,
936 1644 1114 1687 labores
1136 1649 1244 1686 nota
1266 1649 1373 1686 sunt
1396 1642 1629 1697 omnibus,
1666 1650 1761 1686 tum

130 1721 235 1778 quia
256 1722 355 1778 ejus
377 1720 522 1778 gloria
543 1735 635 1764 non
659 1720 862 1765 Orientis
885 1721 1019 1764 modo
1037 1720 1264 1777 regiones,
1290 1721 1370 1764 sed
1388 1720 1649 1764 universum
1669 1727 1761 1764 ter-

129 1814 279 1842 rarum
317 1800 473 1843 orbem
501 1805 749 1855 pervagata
778 1805 862 1841 est.
896 1800 1067 1854 Quare,
1094 1798 1272 1842 silentio
1294 1797 1622 1854 praetermissis
1645 1812 1761 1853 quae

129 1878 186 1920 de
206 1879 366 1920 horum
390 1883 786 1920 monumentorum
809 1883 996 1919 auctore
1023 1890 1076 1920 ac
1098 1876 1155 1920 de
1184 1875 1303 1918 illius
1332 1876 1468 1919 rebus
1497 1875 1640 1932 gestis
1671 1874 1759 1918 dici

130 1961 339 2011 possent,
366 1955 422 1997 ad
444 1969 518 2006 ea,
551 1968 668 2008 quae
696 1953 839 1997 nostri
871 1953 1070 1997 muneris
1098 1960 1225 2005 sunt,
1258 1952 1581 1997 convertimur.
1616 1952 1759 2008 Igitur

128 2031 369 2075 dicendum
393 2038 462 2076 est
484 2032 540 2074 de
563 2030 749 2074 Xaverii
772 2030 966 2087 scriptis:
993 2038 1162 2087 quanta
1184 2030 1243 2073 sit
1265 2030 1384 2073 illius
1412 2045 1515 2073 cum
1539 2029 1756 2085 epistola-

127 2124 247 2163 rum,
286 2116 381 2152 tum
409 2109 599 2152 aliorum
627 2108 898 2164 scriptorum
928 2108 1078 2165 copia;
1111 2123 1245 2164 quarn
1275 2123 1441 2164 magna
1478 2122 1534 2150 ex
1563 2107 1648 2150 illis
1677 2108 1758 2151 de-

127 2186 247 2243 cerpi
290 2185 433 2242 possit
469 2185 661 2239 utilitas3
703 2200 820 2242 quae
852 2185 1100 2229 necessitas
1137 2200 1282 2230 novae
1320 2185 1511 2241 hujusce
1549 2184 1758 2229 editionis

126 2264 413 2308 adornandae
448 2263 545 2306 visa
582 2270 672 2317 est3
704 2264 885 2307 demum
914 2278 1136 2318 quaenam
1166 2263 1223 2306 sit
1251 2262 1382 2306 nobis
1410 2263 1619 2306 habenda
1647 2261 1759 2304 ratio

126 2340 172 2383 in
195 2340 463 2386 Xaverianis
485 2340 663 2397 scriptis
686 2341 1114 2384 excudendis—De
1136 2339 1328 2396 singulis
1350 2354 1509 2396 pauca.

216 2419 393 2463 SANCTI
433 2420 468 2461 F
472 2431 691 2462 RANCISCI
732 2431 1036 2462 SCRIPTORUM
1080 2431 1324 2462 NUMERUS.
1373 2418 1529 2473 Atque
1573 2417 1629 2459 ad
1667 2416 1758 2473 pri-

127 2510 249 2538 mum
272 2495 453 2551 quidem
477 2495 598 2551 quod
620 2494 797 2548 attinet,
821 2494 1094 2538 clarissimus
1114 2497 1249 2539 Pater
1266 2496 1514 2538 Menchaca
1536 2494 1582 2536 in
1606 2496 1758 2537 Bono-

127 2572 273 2617 niensi
294 2572 585 2629 epistolarum
608 2572 819 2625 editione,
846 2587 961 2628 quae
983 2572 1182 2615 omnium
1212 2571 1469 2616 versionum
1498 2572 1635 2627 hujus
1657 2585 1757 2614 sae-

125 2649 237 2704 culi,
262 2650 318 2693 ad
345 2650 481 2693 finem
503 2650 716 2703 labentis,
750 2649 877 2706 quasi
905 2649 1054 2706 typica
1082 2649 1251 2703 extitit,
1277 2651 1389 2693 haec
1413 2650 1469 2692 ad
1491 2662 1585 2691 rem
1617 2648 1678 2691 ait
1710 2648 1756 2690 in

127 2727 483 2784 Prolegomenis,
523 2742 629 2784 pag.
671 2742 788 2772 XVII.
834 2728 1000 2771 «Certe
1027 2741 1112 2771 nec
1156 2727 1437 2771 Bibliotheca
1475 2726 1755 2782 Scriptorum

128 2804 230 2848 Soc.
247 2806 374 2862 JeSU,
395 2819 479 2848 nec
496 2804 744 2861 Hispanica
761 2804 938 2858 Nicolai
961 2804 1150 2847 Antonii
1173 2819 1331 2848 recens
1361 2803 1530 2848 Matriti
1560 2802 1755 2859 plurium

126 2895 259 2937 opera
276 2881 516 2938 magnifice
538 2896 714 2934 recusa,
739 2882 830 2926 ulla
853 2881 1050 2926 Xaverio
1073 2881 1230 2925 tribuit
1258 2881 1426 2938 scripta
1456 2888 1635 2937 praeter
1658 2879 1751 2936 epi-

126 2958 278 3011 stolas,
313 2958 638 3003 catechismum
668 2958 1007 3011 Malabaricum,
1041 2973 1093 3002 ac
1124 2960 1308 3003 brevem
1341 2958 1573 3002 doctrinae
1612 2957 1757 3013 epito-

128 3050 244 3079 mem
267 3035 527 3079 Lusitanice
547 3036 777 3094 scriptam,
797 3050 914 3091 quae
937 3042 1076 3079 totam
1095 3036 1314 3079 orientem
1337 3041 1584 3092 pervagata
1606 3037 1757 3090 magni

129 3126 305 3168 semper
326 3112 384 3156 sit
406 3113 545 3166 facta3
571 3128 675 3156 cum
698 3129 754 3158 ex
775 3114 977 3170 ejusdem
1000 3113 1184 3158 Xaverii
1213 3113 1354 3158 literis
1377 3118 1612 3169 appareat,
1638 3117 1757 3154 cate-
