2018 3510
394 270 463 315 356
890 269 1162 304 MONUMENTA
1189 267 1441 301 XAVERIANA

1117 490 1198 529 4ss

688 600 918 657 JOANNI
952 599 1024 649 HI,
1062 597 1434 641 LUSITANIAE
1468 598 1610 640 REGI

825 718 996 762 Cocino
1019 730 1074 760 20
1092 717 1294 775 Januarii
1322 728 1431 771 1544
1458 719 1486 760 ¹.

335 838 552 873 Indiarum
567 842 705 885 gentes
723 851 747 872 a
766 838 850 872 Deo
872 838 973 883 Regi
997 837 1084 871 ideo
1102 835 1294 881 subjectas
1305 835 1451 882 faisse,
1477 839 1521 870 ut
1539 837 1594 871 eis
1614 838 1817 884 evangelii
1842 838 1965 874 lucem

406 898 880 944 deferreL——llfficlzaelem
910 897 988 930 Vaz
1005 896 1174 930 summis
1192 895 1379 930 laudibus
1402 894 1538 941 effert,
1564 897 1821 942 eumdemque
1844 898 1888 932 in
1904 898 1967 933 In-

405 957 516 991 diam
543 958 705 992 omnino
729 957 1013 991 revrittendmn
1040 958 1083 989 ut
1109 955 1276 989 illorum
1299 955 1612 989 christianorum
1638 957 1835 991 desiderio
1857 958 1967 994 satis-

395 1016 693 1063 fiat.—Regem
713 1017 826 1051 enixe
851 1018 989 1050 exorat
1007 1017 1051 1048 ut
1078 1025 1168 1048 suos
1192 1014 1399 1048 ministros
1422 1026 1511 1048 cum
1538 1015 1696 1056 litteris,
1723 1018 1807 1050 tum
1829 1018 1968 1062 poenis

403 1076 457 1109 ad
475 1074 650 1121 officium
670 1077 834 1115 revocet,
855 1073 1117 1120 vectigalium
1132 1075 1262 1107 rectae
1281 1073 1632 1108 administrationi
1649 1077 1685 1108 et
1708 1075 1902 1120 religioni
1916 1077 1967 1110 si-

402 1135 488 1169 mul
497 1133 1102 1181 prospiciendo.-—Praefectum
1118 1133 1249 1178 igitur
1261 1133 1587 1179 ivvztegerrz'mmn,
1602 1134 1718 1180 regia
1729 1135 1966 1170 auctoritate·

400 1194 658 1239 instructum,
677 1194 774 1228 illuc
792 1193 1090 1232 desffinandmn,
1111 1192 1181 1236 qui
1198 1192 1457 1238 vectigalium
1472 1195 1633 1237 partem
1658 1193 1701 1226 in
1727 1193 1960 1228 animarum

395 1255 635 1299 proventiam
663 1252 1240 1299 impendat.—Indigenarzstm
1264 1253 1427 1285 centena
1446 1251 1580 1285 millia
1604 1252 1712 1286 brevi
1734 1253 1788 1287 ad
1813 1251 1964 1288 Christi

391 1311 517 1358 fidem
532 1310 996 1347 adducenda—Cedant·
1010 1312 1213 1356 dynastem
1226 1310 1430 1356 favorem,
1447 1311 1484 1344 ei
1493 1311 1751 1356 praestitum,
1771 1312 1959 1346 adversus

397 1372 643 1406 christicolas
677 1366 920 1406 convertere.
936 1391 980 1396 —
991 1370 1328 1415 taamplurimos
1368 1381 1386 1403 e
1423 1369 1614 1404 Societate
1652 1370 1857 1416 operarios
1889 1370 1960 1406 sibi

397 1432 622 1465 transmitti
635 1429 1046 1477 postulat.—Cosmae
1062 1429 1167 1464 Anes
1181 1429 1418 1473 Fratrisque
1443 1429 1640 1463 Vincentii
1654 1431 1815 1475 operam
1832 1430 1960 1465 laudi-

399 1490 467 1523 bus
485 1493 666 1524 exornat.

422 1614 457 1644 Ι.
524 1601 732 1644 Domine.
760 1600 835 1645 Sic
856 1599 991 1644 velim
1022 1600 1185 1642 habeat
1216 1599 1427 1642 Maiestas
1457 1601 1571 1652 Tua,
1604 1599 1757 1655 itaque
1785 1615 1951 1654 secum,

331 1691 516 1732 quaeso,
556 1684 751 1733 reputet:
792 1679 940 1720 Deum
980 1677 1225 1719 Dominum
1264 1678 1479 1719 Nostrum
1520 1676 1621 1719 Tibi
1658 1677 1953 1733 potissimum,

324 1768 430 1809 prae
453 1753 630 1797 cunctis
652 1754 728 1808 qui
751 1761 856 1796 sunt
878 1753 1052 1809 uspiam
1077 1752 1345 1796 Christianis
1370 1753 1670 1809 Principibus,
1696 1756 1855 1798 harum
1881 1756 1953 1798 In·-

322 1830 497 1873 diarum
521 1830 762 1887 Imperium
785 1830 1012 1884 tribuisse,
1039 1837 1089 1872 ut
1118 1829 1474 1885 experimentum
1507 1830 1594 1873 Tui
1623 1838 1819 1887 caperet;
1850 1846 1953 1887 pro-

321 1909 539 1963 baretque
561 1922 650 1963 qua
672 1909 761 1950 fide
789 1907 1078 1950 commissum
1107 1906 1341 1963 negotium
1374 1922 1573 1963 gereres,
1601 1922 1781 1963 quoque
1809 1908 1952 1951 officio

322 1985 439 2041 grati
463 1984 598 2027 animi
620 1984 852 2028 beneficiis
882 1984 1192 2040 responderes.
1220 1985 1381 2038 Neque
1409 1983 1453 2026 in
1476 1985 1562 2026 hoc
1591 1991 1680 2027 tam
1709 1992 1948 2040 spectasse,

320 2068 371 2103 ut
393 2061 568 2117 regium
593 2068 721 2104 tuum
744 2063 779 2104 F
782 2061 925 2104 iscum
954 2061 1117 2104 ditaret
1145 2067 1367 2116 proventu
1396 2060 1694 2116 pretiosorum
1725 2062 1948 2105 fructuum

320 2153 345 2182 e
382 2138 511 2182 terris
549 2137 731 2190 exteris,
774 2145 818 2181 et
862 2137 1183 2193 importatione
1220 2138 1372 2180 Gazae
1405 2137 1686 2193 peregrinae:
1729 2153 1862 2194 quam
1901 2143 1951 2180 ut
2016 2164 2018 2171 π

317 2215 621 2271 suggerendis
649 2215 962 2258 occasionibus
996 2214 1283 2258 heroicorum
1316 2215 1536 2270 laborum,
1575 2214 1730 2258 virtuti
1764 2230 1815 2259 ac
1846 2214 1947 2259 reli—

318 2292 442 2348 gioni
465 2293 590 2334 Tuae
611 2292 855 2348 benignam
879 2291 1110 2348 materiam
1139 2292 1321 2334 offerret
1349 2291 1693 2335 commendandi
1723 2307 1836 2344 sese,
1867 2291 1945 2334 ad-

316 2368 537 2413 ducendis
561 2370 657 2412 zelo
681 2376 760 2412 tuo
784 2368 976 2421 ardenti,
1012 2383 1239 2424 operaque
1268 2383 1347 2424 per
1376 2370 1440 2411 Te
1469 2368 1671 2425 adhibita
1698 2382 1942 2426 gnavorum

316 2445 644 2499 Ministrorum,
672 2445 934 2488 Infidelibus
962 2447 1123 2487 horum
1147 2452 1372 2488 tractuum
1402 2445 1459 2488 ad
1486 2445 1691 2489 notitiam
1722 2443 1943 2489 Creatoris

314 2529 360 2564 et
382 2522 698 2577 Redemptoris
721 2522 895 2566 Mundi.

404 2610 444 2640 2.
504 2600 615 2655 Jure
637 2598 777 2654 igitur
800 2613 851 2641 ac
874 2598 1035 2642 merito
1060 2598 1264 2655 impense
1292 2600 1578 2643 commendat
1607 2599 1818 2643 Maiestas
1847 2598 1940 2640 Tua

313 2674 368 2717 iis
391 2689 505 2729 quos
533 2674 580 2717 in
615 2676 696 2718 has
725 2665 953 2731 Regiones
982 2675 1139 2729 mittis,
1176 2682 1227 2717 ut
1255 2675 1497 2731 plurimum
1531 2677 1760 2720 elaborent
1791 2675 1836 2717 in
1858 2675 1944 2717 late

314 2752 615 2807 Propaganda
637 2753 803 2794 Nostra
821 2753 988 2795 Sancta
1004 2751 1130 2804 Fide,
1151 2751 1418 2808 Religioneq
1427 2767 1481 2795 ue
1498 2753 1722 2808 augenda;
1744 2750 1940 2806 quando-

312 2827 493 2884 quidem
523 2843 548 2870 a
577 2829 643 2871 Te
676 2827 892 2883 intelligis
920 2827 1139 2871 rationem
1167 2828 1461 2884 repetiturum
1488 2830 1637 2873 Deum
1666 2827 1821 2871 salutis
1852 2832 1937 2868 tam

311 2905 554 2948 multarum
577 2903 812 2956 Gentium;
845 2918 960 2958 quae
989 2912 1169 2959 paratae
1198 2904 1326 2960 sequi
1354 2905 1472 2948 viam
1502 2905 1745 2957 meliorem,
1777 2903 1812 2947 si
1840 2900 1938 2957 quis

381 3014 391 3033 ¹
443 3012 500 3045 Ex
519 3011 715 3056 POSSINO,
745 3009 811 3044 lib.
832 3010 903 3055 III,
929 3021 994 3055 ep.
1031 3018 1088 3056 10,
1112 3010 1177 3056 qui
1202 3022 1287 3045 eam
1313 3023 1384 3046 «ex
1410 3012 1553 3046 Archio
1582 3011 1707 3057 Regio
1736 3007 1932 3055 Ulyssipo-

306 3070 440 3107 nensi»
460 3068 842 3116 desumpsit.—Vide
860 3067 1053 3113 CUTILL.,
1073 3081 1173 3104 anno
1195 3078 1299 3116 1545,
1319 3082 1380 3117 ep.
1404 3080 1434 3105 1:
1457 3072 1641 3116 MENCH.,
1661 3070 1729 3106 lib.
1751 3069 1800 3113 II,
1819 3078 1879 3113 ep.
1896 3072 1928 3101 1.
