<?xml version="1.0" encoding="UTF-8"?>
<!DOCTYPE html PUBLIC "-//W3C//DTD XHTML 1.0 Transitional//EN"
    "http://www.w3.org/TR/xhtml1/DTD/xhtml1-transitional.dtd">
<html xmlns="http://www.w3.org/1999/xhtml" xml:lang="en" lang="en">
 <head>
  <title>
</title>
<meta http-equiv="Content-Type" content="text/html;charset=utf-8" />
  <meta name='ocr-system' content='tesseract 3.04.00' />
  <meta name='ocr-capabilities' content='ocr_page ocr_carea ocr_par ocr_line ocrx_word'/>
</head>
<body>
  <div class='ocr_page' id='page_1' title='image "./monumentaxaveria1601fran_0475.png"; bbox 0 0 2018 3510; ppageno 0'>
   <div class='ocr_carea' id='block_1_1' title="bbox 0 0 30 982">
    <p class='ocr_par' dir='ltr' id='par_1_1' title="bbox 0 0 30 982">
     <span class='ocr_line' id='line_1_1' title="bbox 0 0 30 982; baseline 0 0"><span class='ocrx_word' id='word_1_1' title='bbox 0 0 30 982; x_wconf 95' lang='lat' dir='ltr'><strong> </strong></span> 
     </span>
    </p>
   </div>
   <div class='ocr_carea' id='block_1_2' title="bbox 592 186 1678 234">
    <p class='ocr_par' dir='ltr' id='par_1_2' title="bbox 592 186 1678 234">
     <span class='ocr_line' id='line_1_2' title="bbox 592 186 1678 234; baseline 0.004 -14"><span class='ocrx_word' id='word_1_2' title='bbox 592 186 730 221; x_wconf 84' lang='lat' dir='ltr'><strong>EPIST.</strong></span> <span class='ocrx_word' id='word_1_3' title='bbox 749 186 906 220; x_wconf 88' lang='lat'><strong>61.—20</strong></span> <span class='ocrx_word' id='word_1_4' title='bbox 926 187 1124 232; x_wconf 82' lang='lat' dir='ltr'>JANUARH</span> <span class='ocrx_word' id='word_1_5' title='bbox 1143 187 1231 232; x_wconf 80' lang='lat'>1548</span> <span class='ocrx_word' id='word_1_6' title='bbox 1609 188 1678 234; x_wconf 79' lang='lat'><strong>439</strong></span> 
     </span>
    </p>
   </div>
   <div class='ocr_carea' id='block_1_3' title="bbox 61 288 1726 1729">
    <p class='ocr_par' dir='ltr' id='par_1_3' title="bbox 61 288 1726 1729">
     <span class='ocr_line' id='line_1_3' title="bbox 190 288 1724 344; baseline 0.001 -12"><span class='ocrx_word' id='word_1_7' title='bbox 190 302 230 332; x_wconf 89' lang='lat'><strong>2.</strong></span> <span class='ocrx_word' id='word_1_8' title='bbox 297 289 413 331; x_wconf 89' lang='lat' dir='ltr'><strong>Cum</strong></span> <span class='ocrx_word' id='word_1_9' title='bbox 435 289 546 330; x_wconf 91' lang='lat' dir='ltr'><strong>haec</strong></span> <span class='ocrx_word' id='word_1_10' title='bbox 570 288 668 330; x_wconf 92' lang='lat' dir='ltr'><strong>loca</strong></span> <span class='ocrx_word' id='word_1_11' title='bbox 690 288 1048 342; x_wconf 77' lang='lat' dir='ltr'><strong>perlustrassem,</strong></span> <span class='ocrx_word' id='word_1_12' title='bbox 1075 294 1247 343; x_wconf 87' lang='lat' dir='ltr'><strong>septem</strong></span> <span class='ocrx_word' id='word_1_13' title='bbox 1270 289 1453 344; x_wconf 83' lang='lat' dir='ltr'><strong>nauigia</strong></span> <span class='ocrx_word' id='word_1_14' title='bbox 1476 291 1531 333; x_wconf 89' lang='lat' dir='ltr'><strong>ad</strong></span> <span class='ocrx_word' id='word_1_15' title='bbox 1553 293 1632 333; x_wconf 90' lang='lat' dir='ltr'><strong>has</strong></span> <span class='ocrx_word' id='word_1_16' title='bbox 1656 291 1724 333; x_wconf 89' lang='lat' dir='ltr'><strong>in-</strong></span> 
     </span>
     <span class='ocr_line' id='line_1_4' title="bbox 102 364 1724 421; baseline 0.001 -12"><span class='ocrx_word' id='word_1_17' title='bbox 102 366 222 409; x_wconf 88' lang='lat' dir='ltr'><strong>sulas</strong></span> <span class='ocrx_word' id='word_1_18' title='bbox 245 371 565 421; x_wconf 88' lang='lat' dir='ltr'><strong>peruenerunt,</strong></span> <span class='ocrx_word' id='word_1_19' title='bbox 591 378 757 419; x_wconf 90' lang='lat' dir='ltr'><strong>magna</strong></span> <span class='ocrx_word' id='word_1_20' title='bbox 780 378 834 406; x_wconf 85' lang='lat' dir='ltr'><strong>ex</strong></span> <span class='ocrx_word' id='word_1_21' title='bbox 863 370 990 420; x_wconf 91' lang='lat' dir='ltr'><strong>parte</strong></span> <span class='ocrx_word' id='word_1_22' title='bbox 1018 364 1424 420; x_wconf 78' lang='lat' dir='ltr'><strong>portugalensium,</strong></span> <span class='ocrx_word' id='word_1_23' title='bbox 1457 367 1724 420; x_wconf 83' lang='lat' dir='ltr'><strong>quibusdam</strong></span> 
     </span>
     <span class='ocr_line' id='line_1_5' title="bbox 102 439 1725 497; baseline 0.001 -11"><span class='ocrx_word' id='word_1_24' title='bbox 102 441 339 486; x_wconf 87' lang='lat' dir='ltr'><strong>castelanis</strong></span> <span class='ocrx_word' id='word_1_25' title='bbox 361 440 600 492; x_wconf 87' lang='lat' dir='ltr'><strong>adiunctis,</strong></span> <span class='ocrx_word' id='word_1_26' title='bbox 633 439 709 495; x_wconf 89' lang='lat' dir='ltr'><strong>qui</strong></span> <span class='ocrx_word' id='word_1_27' title='bbox 733 440 788 483; x_wconf 87' lang='lat' dir='ltr'><strong>ab</strong></span> <span class='ocrx_word' id='word_1_28' title='bbox 822 440 946 483; x_wconf 87' lang='lat' dir='ltr'><strong>India</strong></span> <span class='ocrx_word' id='word_1_29' title='bbox 978 440 1264 497; x_wconf 89' lang='lat' dir='ltr'><strong>Imperatoris</strong></span> <span class='ocrx_word' id='word_1_30' title='bbox 1286 442 1299 461; x_wconf 82' lang='lat'><strong>²</strong></span> <span class='ocrx_word' id='word_1_31' title='bbox 1325 443 1381 483; x_wconf 90' lang='lat' dir='ltr'><strong>ad</strong></span> <span class='ocrx_word' id='word_1_32' title='bbox 1413 448 1552 485; x_wconf 81' lang='lat' dir='ltr'><strong>terras</strong></span> <span class='ocrx_word' id='word_1_33' title='bbox 1584 458 1725 487; x_wconf 89' lang='lat' dir='ltr'><strong>nouas</strong></span> 
     </span>
     <span class='ocr_line' id='line_1_6' title="bbox 101 516 1726 575; baseline 0.001 -13"><span class='ocrx_word' id='word_1_34' title='bbox 101 518 378 575; x_wconf 89' lang='lat' dir='ltr'><strong>detegendas</strong></span> <span class='ocrx_word' id='word_1_35' title='bbox 398 524 632 570; x_wconf 86' lang='lat' dir='ltr'><strong>venerant,</strong></span> <span class='ocrx_word' id='word_1_36' title='bbox 653 524 698 560; x_wconf 92' lang='lat' dir='ltr'><strong>et</strong></span> <span class='ocrx_word' id='word_1_37' title='bbox 715 532 869 560; x_wconf 89' lang='lat' dir='ltr'><strong>omnes</strong></span> <span class='ocrx_word' id='word_1_38' title='bbox 892 517 1116 562; x_wconf 85' lang='lat' dir='ltr'><strong>trimestre</strong></span> <span class='ocrx_word' id='word_1_39' title='bbox 1137 516 1198 559; x_wconf 92' lang='lat' dir='ltr'><strong>ibi</strong></span> <span class='ocrx_word' id='word_1_40' title='bbox 1216 518 1477 560; x_wconf 89' lang='lat' dir='ltr'><strong>commorati</strong></span> <span class='ocrx_word' id='word_1_41' title='bbox 1494 527 1613 562; x_wconf 81' lang='lat' dir='ltr'><strong>sunt:</strong></span> <span class='ocrx_word' id='word_1_42' title='bbox 1636 535 1726 575; x_wconf 84' lang='lat' dir='ltr'><strong>quo</strong></span> 
     </span>
     <span class='ocr_line' id='line_1_7' title="bbox 102 592 1724 651; baseline 0.001 -14"><span class='ocrx_word' id='word_1_43' title='bbox 102 602 301 650; x_wconf 90' lang='lat' dir='ltr'><strong>tempore</strong></span> <span class='ocrx_word' id='word_1_44' title='bbox 322 595 513 636; x_wconf 89' lang='lat' dir='ltr'><strong>multum</strong></span> <span class='ocrx_word' id='word_1_45' title='bbox 536 592 835 649; x_wconf 74' lang='lat' dir='ltr'><strong>spiritualium</strong></span> <span class='ocrx_word' id='word_1_46' title='bbox 853 594 1201 650; x_wconf 77' lang='lat' dir='ltr'><strong>occupationum</strong></span> <span class='ocrx_word' id='word_1_47' title='bbox 1231 593 1338 636; x_wconf 90' lang='lat' dir='ltr'><strong>mihi</strong></span> <span class='ocrx_word' id='word_1_48' title='bbox 1371 594 1470 646; x_wconf 90' lang='lat' dir='ltr'><strong>fuit,</strong></span> <span class='ocrx_word' id='word_1_49' title='bbox 1503 595 1548 638; x_wconf 89' lang='lat' dir='ltr'><strong>in</strong></span> <span class='ocrx_word' id='word_1_50' title='bbox 1576 596 1724 651; x_wconf 84' lang='lat' dir='ltr'><strong>predi—</strong></span> 
     </span>
     <span class='ocr_line' id='line_1_8' title="bbox 98 670 1726 723; baseline 0.001 -8"><span class='ocrx_word' id='word_1_51' title='bbox 98 671 275 716; x_wconf 88' lang='lat' dir='ltr'><strong>catione</strong></span> <span class='ocrx_word' id='word_1_52' title='bbox 296 670 532 714; x_wconf 88' lang='lat' dir='ltr'><strong>dominicis</strong></span> <span class='ocrx_word' id='word_1_53' title='bbox 555 677 600 713; x_wconf 91' lang='lat' dir='ltr'><strong>et</strong></span> <span class='ocrx_word' id='word_1_54' title='bbox 622 670 719 714; x_wconf 91' lang='lat' dir='ltr'><strong>aliis</strong></span> <span class='ocrx_word' id='word_1_55' title='bbox 749 670 874 714; x_wconf 83' lang='lat' dir='ltr'><strong>festis</strong></span> <span class='ocrx_word' id='word_1_56' title='bbox 896 670 1071 723; x_wconf 90' lang='lat' dir='ltr'><strong>diebus,</strong></span> <span class='ocrx_word' id='word_1_57' title='bbox 1103 677 1148 714; x_wconf 90' lang='lat' dir='ltr'><strong>et</strong></span> <span class='ocrx_word' id='word_1_58' title='bbox 1176 671 1222 713; x_wconf 92' lang='lat' dir='ltr'><strong>in</strong></span> <span class='ocrx_word' id='word_1_59' title='bbox 1249 671 1485 714; x_wconf 88' lang='lat' dir='ltr'><strong>audiendis</strong></span> <span class='ocrx_word' id='word_1_60' title='bbox 1513 673 1726 716; x_wconf 87' lang='lat' dir='ltr'><strong>continue</strong></span> 
     </span>
     <span class='ocr_line' id='line_1_9' title="bbox 95 747 1725 804; baseline 0 -12"><span class='ocrx_word' id='word_1_61' title='bbox 95 748 470 800; x_wconf 86' lang='lat' dir='ltr'><strong>confessionibus,</strong></span> <span class='ocrx_word' id='word_1_62' title='bbox 491 755 536 790; x_wconf 90' lang='lat' dir='ltr'><strong>et</strong></span> <span class='ocrx_word' id='word_1_63' title='bbox 557 762 668 804; x_wconf 90' lang='lat' dir='ltr'><strong>pace</strong></span> <span class='ocrx_word' id='word_1_64' title='bbox 697 747 813 791; x_wconf 92' lang='lat' dir='ltr'><strong>inter</strong></span> <span class='ocrx_word' id='word_1_65' title='bbox 843 749 1010 791; x_wconf 90' lang='lat' dir='ltr'><strong>multos</strong></span> <span class='ocrx_word' id='word_1_66' title='bbox 1039 747 1347 802; x_wconf 81' lang='lat' dir='ltr'><strong>concilianda‚‘</strong></span> <span class='ocrx_word' id='word_1_67' title='bbox 1368 763 1419 791; x_wconf 91' lang='lat' dir='ltr'><strong>ac</strong></span> <span class='ocrx_word' id='word_1_68' title='bbox 1447 748 1634 792; x_wconf 86' lang='lat' dir='ltr'><strong>infirmis</strong></span> <span class='ocrx_word' id='word_1_69' title='bbox 1656 750 1725 792; x_wconf 89' lang='lat' dir='ltr'><strong>in-</strong></span> 
     </span>
     <span class='ocr_line' id='line_1_10' title="bbox 95 825 1725 881; baseline -0.001 -12"><span class='ocrx_word' id='word_1_70' title='bbox 95 825 308 869; x_wconf 88' lang='lat' dir='ltr'><strong>uisendis:</strong></span> <span class='ocrx_word' id='word_1_71' title='bbox 333 825 501 880; x_wconf 87' lang='lat' dir='ltr'><strong>itaque,</strong></span> <span class='ocrx_word' id='word_1_72' title='bbox 529 832 578 868; x_wconf 92' lang='lat' dir='ltr'><strong>ut</strong></span> <span class='ocrx_word' id='word_1_73' title='bbox 602 825 648 867; x_wconf 88' lang='lat' dir='ltr'><strong>in</strong></span> <span class='ocrx_word' id='word_1_74' title='bbox 670 832 811 881; x_wconf 90' lang='lat' dir='ltr'><strong>gente</strong></span> <span class='ocrx_word' id='word_1_75' title='bbox 834 840 924 868; x_wconf 89' lang='lat' dir='ltr'><strong>non</strong></span> <span class='ocrx_word' id='word_1_76' title='bbox 948 832 1121 877; x_wconf 90' lang='lat' dir='ltr'><strong>sancta,</strong></span> <span class='ocrx_word' id='word_1_77' title='bbox 1153 832 1198 868; x_wconf 87' lang='lat' dir='ltr'><strong>et</strong></span> <span class='ocrx_word' id='word_1_78' title='bbox 1227 825 1423 879; x_wconf 92' lang='lat' dir='ltr'><strong>militari,</strong></span> <span class='ocrx_word' id='word_1_79' title='bbox 1455 826 1637 870; x_wconf 88' lang='lat' dir='ltr'><strong>minime</strong></span> <span class='ocrx_word' id='word_1_80' title='bbox 1661 834 1725 869; x_wconf 89' lang='lat' dir='ltr'><strong>tot</strong></span> 
     </span>
     <span class='ocr_line' id='line_1_11' title="bbox 91 902 1724 959; baseline 0 -14"><span class='ocrx_word' id='word_1_81' title='bbox 91 902 214 959; x_wconf 90' lang='lat' dir='ltr'><strong>pacis</strong></span> <span class='ocrx_word' id='word_1_82' title='bbox 237 903 410 945; x_wconf 89' lang='lat' dir='ltr'><strong>fructus</strong></span> <span class='ocrx_word' id='word_1_83' title='bbox 433 916 737 957; x_wconf 87' lang='lat' dir='ltr'><strong>speraueram;</strong></span> <span class='ocrx_word' id='word_1_84' title='bbox 760 902 797 944; x_wconf 90' lang='lat' dir='ltr'><strong>si</strong></span> <span class='ocrx_word' id='word_1_85' title='bbox 820 902 938 946; x_wconf 90' lang='lat' dir='ltr'><strong>enim</strong></span> <span class='ocrx_word' id='word_1_86' title='bbox 962 902 1008 944; x_wconf 92' lang='lat' dir='ltr'><strong>in</strong></span> <span class='ocrx_word' id='word_1_87' title='bbox 1026 909 1197 958; x_wconf 92' lang='lat' dir='ltr'><strong>septem</strong></span> <span class='ocrx_word' id='word_1_88' title='bbox 1215 902 1377 958; x_wconf 90' lang='lat' dir='ltr'><strong>oppida</strong></span> <span class='ocrx_word' id='word_1_89' title='bbox 1394 902 1534 945; x_wconf 92' lang='lat' dir='ltr'><strong>diuidi</strong></span> <span class='ocrx_word' id='word_1_90' title='bbox 1553 904 1724 958; x_wconf 89' lang='lat' dir='ltr'><strong>potuis-</strong></span> 
     </span>
     <span class='ocr_line' id='line_1_12' title="bbox 90 978 1723 1035; baseline 0 -13"><span class='ocrx_word' id='word_1_91' title='bbox 90 994 200 1031; x_wconf 90' lang='lat' dir='ltr'><strong>sem,</strong></span> <span class='ocrx_word' id='word_1_92' title='bbox 226 979 272 1022; x_wconf 90' lang='lat' dir='ltr'><strong>in</strong></span> <span class='ocrx_word' id='word_1_93' title='bbox 295 978 487 1035; x_wconf 90' lang='lat' dir='ltr'><strong>singulis</strong></span> <span class='ocrx_word' id='word_1_94' title='bbox 509 979 702 1021; x_wconf 89' lang='lat' dir='ltr'><strong>multum</strong></span> <span class='ocrx_word' id='word_1_95' title='bbox 719 978 1011 1034; x_wconf 89' lang='lat' dir='ltr'><strong>spiritualiter</strong></span> <span class='ocrx_word' id='word_1_96' title='bbox 1033 978 1243 1035; x_wconf 92' lang='lat' dir='ltr'><strong>occupari</strong></span> <span class='ocrx_word' id='word_1_97' title='bbox 1260 986 1477 1035; x_wconf 90' lang='lat' dir='ltr'><strong>poteram.</strong></span> <span class='ocrx_word' id='word_1_98' title='bbox 1502 980 1723 1023; x_wconf 83' lang='lat' dir='ltr'><strong>Benedic-</strong></span> 
     </span>
     <span class='ocr_line' id='line_1_13' title="bbox 61 1040 1722 1112; baseline 0.001 -14"><span class='ocrx_word' id='word_1_99' title='bbox 61 1040 63 1043; x_wconf 88' lang='lat'><strong>.</strong></span> <span class='ocrx_word' id='word_1_100' title='bbox 93 1063 165 1099; x_wconf 89' lang='lat' dir='ltr'><strong>tus</strong></span> <span class='ocrx_word' id='word_1_101' title='bbox 186 1055 243 1099; x_wconf 91' lang='lat' dir='ltr'><strong>sit</strong></span> <span class='ocrx_word' id='word_1_102' title='bbox 264 1057 390 1099; x_wconf 90' lang='lat' dir='ltr'><strong>Deus</strong></span> <span class='ocrx_word' id='word_1_103' title='bbox 418 1055 464 1097; x_wconf 92' lang='lat' dir='ltr'><strong>in</strong></span> <span class='ocrx_word' id='word_1_104' title='bbox 496 1055 835 1112; x_wconf 88' lang='lat' dir='ltr'><strong>sempiternum,</strong></span> <span class='ocrx_word' id='word_1_105' title='bbox 874 1055 951 1111; x_wconf 86' lang='lat' dir='ltr'><strong>qui</strong></span> <span class='ocrx_word' id='word_1_106' title='bbox 984 1070 1141 1111; x_wconf 92' lang='lat' dir='ltr'><strong>pacem</strong></span> <span class='ocrx_word' id='word_1_107' title='bbox 1173 1070 1300 1098; x_wconf 91' lang='lat' dir='ltr'><strong>suam</strong></span> <span class='ocrx_word' id='word_1_108' title='bbox 1335 1063 1424 1099; x_wconf 89' lang='lat' dir='ltr'><strong>tam</strong></span> <span class='ocrx_word' id='word_1_109' title='bbox 1458 1056 1638 1112; x_wconf 85' lang='lat' dir='ltr'><strong>copiose</strong></span> <span class='ocrx_word' id='word_1_110' title='bbox 1669 1057 1722 1100; x_wconf 90' lang='lat' dir='ltr'><strong>iis</strong></span> 
     </span>
     <span class='ocr_line' id='line_1_14' title="bbox 93 1132 1721 1188; baseline 0 -12"><span class='ocrx_word' id='word_1_111' title='bbox 93 1132 372 1186; x_wconf 89' lang='lat' dir='ltr'><strong>comunicat,</strong></span> <span class='ocrx_word' id='word_1_112' title='bbox 412 1132 488 1188; x_wconf 91' lang='lat' dir='ltr'><strong>qui</strong></span> <span class='ocrx_word' id='word_1_113' title='bbox 529 1133 861 1188; x_wconf 86' lang='lat' dir='ltr'><strong>quodammodo</strong></span> <span class='ocrx_word' id='word_1_114' title='bbox 902 1133 1170 1188; x_wconf 90' lang='lat' dir='ltr'><strong>profitentur</strong></span> <span class='ocrx_word' id='word_1_115' title='bbox 1212 1133 1330 1177; x_wconf 92' lang='lat' dir='ltr'><strong>nolle</strong></span> <span class='ocrx_word' id='word_1_116' title='bbox 1368 1147 1470 1175; x_wconf 90' lang='lat' dir='ltr'><strong>curn</strong></span> <span class='ocrx_word' id='word_1_117' title='bbox 1503 1134 1601 1175; x_wconf 92' lang='lat' dir='ltr'><strong>Deo</strong></span> <span class='ocrx_word' id='word_1_118' title='bbox 1638 1147 1721 1176; x_wconf 91' lang='lat' dir='ltr'><strong>nec</strong></span> 
     </span>
     <span class='ocr_line' id='line_1_15' title="bbox 90 1209 1719 1266; baseline 0 -14"><span class='ocrx_word' id='word_1_119' title='bbox 90 1224 193 1253; x_wconf 91' lang='lat' dir='ltr'><strong>cum</strong></span> <span class='ocrx_word' id='word_1_120' title='bbox 236 1209 493 1252; x_wconf 89' lang='lat' dir='ltr'><strong>hominibus</strong></span> <span class='ocrx_word' id='word_1_121' title='bbox 530 1224 702 1266; x_wconf 80' lang='lat' dir='ltr'><strong>pacem,</strong></span> <span class='ocrx_word' id='word_1_122' title='bbox 745 1209 926 1265; x_wconf 83' lang='lat' dir='ltr'><strong>Exactis</strong></span> <span class='ocrx_word' id='word_1_123' title='bbox 968 1209 1038 1252; x_wconf 90' lang='lat' dir='ltr'><strong>his</strong></span> <span class='ocrx_word' id='word_1_124' title='bbox 1073 1209 1216 1252; x_wconf 89' lang='lat' dir='ltr'><strong>tribus</strong></span> <span class='ocrx_word' id='word_1_125' title='bbox 1260 1209 1506 1262; x_wconf 75' lang='lat' dir='ltr'><strong>mensibus,</strong></span> <span class='ocrx_word' id='word_1_126' title='bbox 1548 1217 1719 1266; x_wconf 90' lang='lat' dir='ltr'><strong>septem</strong></span> 
     </span>
     <span class='ocr_line' id='line_1_16' title="bbox 89 1286 1718 1343; baseline 0.001 -14"><span class='ocrx_word' id='word_1_127' title='bbox 89 1287 282 1330; x_wconf 90' lang='lat' dir='ltr'><strong>nauibus</strong></span> <span class='ocrx_word' id='word_1_128' title='bbox 304 1287 407 1330; x_wconf 89' lang='lat' dir='ltr'><strong>inde</strong></span> <span class='ocrx_word' id='word_1_129' title='bbox 430 1287 475 1329; x_wconf 91' lang='lat' dir='ltr'><strong>in</strong></span> <span class='ocrx_word' id='word_1_130' title='bbox 504 1287 675 1330; x_wconf 87' lang='lat' dir='ltr'><strong>Indiam</strong></span> <span class='ocrx_word' id='word_1_131' title='bbox 707 1287 827 1343; x_wconf 90' lang='lat' dir='ltr'><strong>regis</strong></span> <span class='ocrx_word' id='word_1_132' title='bbox 861 1287 1153 1343; x_wconf 76' lang='lat' dir='ltr'><strong>portugaliae</strong></span> <span class='ocrx_word' id='word_1_133' title='bbox 1175 1287 1189 1308; x_wconf 77' lang='lat'>⁵</span> <span class='ocrx_word' id='word_1_134' title='bbox 1214 1287 1513 1339; x_wconf 90' lang='lat' dir='ltr'><strong>soluentibus,</strong></span> <span class='ocrx_word' id='word_1_135' title='bbox 1539 1286 1635 1342; x_wconf 89' lang='lat' dir='ltr'><strong>ipse</strong></span> <span class='ocrx_word' id='word_1_136' title='bbox 1663 1289 1718 1330; x_wconf 91' lang='lat' dir='ltr'><strong>ad</strong></span> 
     </span>
     <span class='ocr_line' id='line_1_17' title="bbox 88 1363 1718 1420; baseline 0 -13"><span class='ocrx_word' id='word_1_137' title='bbox 88 1363 318 1408; x_wconf 89' lang='lat' dir='ltr'><strong>ciuitatem</strong></span> <span class='ocrx_word' id='word_1_138' title='bbox 341 1365 519 1408; x_wconf 88' lang='lat' dir='ltr'><strong>Maluco</strong></span> <span class='ocrx_word' id='word_1_139' title='bbox 540 1365 770 1420; x_wconf 88' lang='lat' dir='ltr'><strong>profectus</strong></span> <span class='ocrx_word' id='word_1_140' title='bbox 793 1379 909 1416; x_wconf 90' lang='lat' dir='ltr'><strong>sum,</strong></span> <span class='ocrx_word' id='word_1_141' title='bbox 934 1363 1010 1406; x_wconf 87' lang='lat' dir='ltr'><strong>vbi</strong></span> <span class='ocrx_word' id='word_1_142' title='bbox 1034 1365 1223 1407; x_wconf 90' lang='lat' dir='ltr'><strong>alterum</strong></span> <span class='ocrx_word' id='word_1_143' title='bbox 1246 1363 1470 1408; x_wconf 87' lang='lat' dir='ltr'><strong>trimestre</strong></span> <span class='ocrx_word' id='word_1_144' title='bbox 1498 1363 1718 1407; x_wconf 88' lang='lat' dir='ltr'><strong>similibus</strong></span> 
     </span>
     <span class='ocr_line' id='line_1_18' title="bbox 86 1441 1716 1498; baseline 0 -14"><span class='ocrx_word' id='word_1_145' title='bbox 86 1441 459 1498; x_wconf 89' lang='lat' dir='ltr'><strong>occupationibus</strong></span> <span class='ocrx_word' id='word_1_146' title='bbox 487 1441 703 1498; x_wconf 83' lang='lat' dir='ltr'><strong>transegi,</strong></span> <span class='ocrx_word' id='word_1_147' title='bbox 735 1441 1117 1497; x_wconf 86' lang='lat' dir='ltr'><strong>predicationibus</strong></span> <span class='ocrx_word' id='word_1_148' title='bbox 1145 1449 1191 1485; x_wconf 88' lang='lat' dir='ltr'><strong>et</strong></span> <span class='ocrx_word' id='word_1_149' title='bbox 1218 1441 1579 1484; x_wconf 85' lang='lat' dir='ltr'><strong>confessionibus</strong></span> <span class='ocrx_word' id='word_1_150' title='bbox 1608 1455 1716 1484; x_wconf 92' lang='lat' dir='ltr'><strong>con—</strong></span> 
     </span>
     <span class='ocr_line' id='line_1_19' title="bbox 87 1517 1714 1575; baseline 0.001 -16"><span class='ocrx_word' id='word_1_151' title='bbox 87 1517 223 1561; x_wconf 88' lang='lat' dir='ltr'><strong>tinuis</strong></span> <span class='ocrx_word' id='word_1_152' title='bbox 244 1533 427 1571; x_wconf 86' lang='lat' dir='ltr'><strong>vacans,</strong></span> <span class='ocrx_word' id='word_1_153' title='bbox 454 1525 499 1561; x_wconf 91' lang='lat' dir='ltr'><strong>et</strong></span> <span class='ocrx_word' id='word_1_154' title='bbox 520 1533 685 1575; x_wconf 88' lang='lat' dir='ltr'><strong>pueros</strong></span> <span class='ocrx_word' id='word_1_155' title='bbox 707 1518 944 1575; x_wconf 90' lang='lat' dir='ltr'><strong>neophitos</strong></span> <span class='ocrx_word' id='word_1_156' title='bbox 966 1519 1225 1562; x_wconf 88' lang='lat' dir='ltr'><strong>edocendae</strong></span> <span class='ocrx_word' id='word_1_157' title='bbox 1253 1517 1524 1561; x_wconf 88' lang='lat' dir='ltr'><strong>christianae</strong></span> <span class='ocrx_word' id='word_1_158' title='bbox 1552 1518 1714 1561; x_wconf 91' lang='lat' dir='ltr'><strong>doctri-</strong></span> 
     </span>
     <span class='ocr_line' id='line_1_20' title="bbox 87 1594 1714 1652; baseline 0.001 -15"><span class='ocrx_word' id='word_1_159' title='bbox 87 1609 187 1639; x_wconf 89' lang='lat' dir='ltr'><strong>nae.</strong></span> <span class='ocrx_word' id='word_1_160' title='bbox 213 1595 388 1639; x_wconf 92' lang='lat' dir='ltr'><strong>Diebus</strong></span> <span class='ocrx_word' id='word_1_161' title='bbox 412 1595 536 1639; x_wconf 85' lang='lat' dir='ltr'><strong>festis</strong></span> <span class='ocrx_word' id='word_1_162' title='bbox 565 1611 590 1639; x_wconf 97' lang='lat' dir='ltr'><strong>a</strong></span> <span class='ocrx_word' id='word_1_163' title='bbox 619 1595 806 1652; x_wconf 91' lang='lat' dir='ltr'><strong>prandio</strong></span> <span class='ocrx_word' id='word_1_164' title='bbox 829 1595 1068 1638; x_wconf 91' lang='lat' dir='ltr'><strong>simbolum</strong></span> <span class='ocrx_word' id='word_1_165' title='bbox 1085 1596 1380 1651; x_wconf 85' lang='lat' dir='ltr'><strong>exponebam:</strong></span> <span class='ocrx_word' id='word_1_166' title='bbox 1407 1594 1598 1651; x_wconf 88' lang='lat' dir='ltr'><strong>singulis</strong></span> <span class='ocrx_word' id='word_1_167' title='bbox 1620 1595 1714 1638; x_wconf 91' lang='lat' dir='ltr'><strong>die-</strong></span> 
     </span>
     <span class='ocr_line' id='line_1_21' title="bbox 87 1671 1714 1729; baseline 0 -15"><span class='ocrx_word' id='word_1_168' title='bbox 87 1672 173 1715; x_wconf 92' lang='lat' dir='ltr'><strong>bus</strong></span> <span class='ocrx_word' id='word_1_169' title='bbox 194 1672 399 1729; x_wconf 89' lang='lat' dir='ltr'><strong>singulos</strong></span> <span class='ocrx_word' id='word_1_170' title='bbox 421 1672 633 1715; x_wconf 91' lang='lat' dir='ltr'><strong>articulos</strong></span> <span class='ocrx_word' id='word_1_171' title='bbox 656 1671 881 1728; x_wconf 91' lang='lat' dir='ltr'><strong>neophitis</strong></span> <span class='ocrx_word' id='word_1_172' title='bbox 916 1686 1191 1728; x_wconf 90' lang='lat' dir='ltr'><strong>proponens:</strong></span> <span class='ocrx_word' id='word_1_173' title='bbox 1222 1687 1353 1715; x_wconf 89' lang='lat' dir='ltr'><strong>mane</strong></span> <span class='ocrx_word' id='word_1_174' title='bbox 1375 1678 1525 1714; x_wconf 89' lang='lat' dir='ltr'><strong>autem</strong></span> <span class='ocrx_word' id='word_1_175' title='bbox 1558 1679 1714 1727; x_wconf 47' lang='lat' dir='ltr'><strong>portu‘</strong></span> 
     </span>
    </p>
   </div>
   <div class='ocr_carea' id='block_1_4' title="bbox 89 1749 1714 1882">
    <p class='ocr_par' dir='ltr' id='par_1_4' title="bbox 89 1749 1714 1882">
     <span class='ocr_line' id='line_1_22' title="bbox 89 1749 687 1805; baseline 0 -13"><span class='ocrx_word' id='word_1_176' title='bbox 89 1749 351 1805; x_wconf 88' lang='lat' dir='ltr'><strong>galensibus</strong></span> <span class='ocrx_word' id='word_1_177' title='bbox 371 1749 687 1792; x_wconf 92' lang='lat' dir='ltr'><strong>concionabar.</strong></span> 
     </span>
     <span class='ocr_line' id='line_1_23' title="bbox 176 1825 1714 1882; baseline -0.001 -12"><span class='ocrx_word' id='word_1_178' title='bbox 176 1839 216 1881; x_wconf 86' lang='lat'><strong>3.</strong></span> <span class='ocrx_word' id='word_1_179' title='bbox 282 1827 339 1869; x_wconf 90' lang='lat' dir='ltr'><strong>Et</strong></span> <span class='ocrx_word' id='word_1_180' title='bbox 372 1841 481 1870; x_wconf 90' lang='lat' dir='ltr'><strong>sane</strong></span> <span class='ocrx_word' id='word_1_181' title='bbox 512 1841 724 1882; x_wconf 91' lang='lat' dir='ltr'><strong>magnam</strong></span> <span class='ocrx_word' id='word_1_182' title='bbox 754 1825 943 1869; x_wconf 92' lang='lat' dir='ltr'><strong>actionis</strong></span> <span class='ocrx_word' id='word_1_183' title='bbox 984 1825 1231 1882; x_wconf 89' lang='lat' dir='ltr'><strong>gratiarum</strong></span> <span class='ocrx_word' id='word_1_184' title='bbox 1264 1825 1496 1867; x_wconf 84' lang='lat' dir='ltr'><strong>materiam</strong></span> <span class='ocrx_word' id='word_1_185' title='bbox 1540 1825 1714 1868; x_wconf 84' lang='lat' dir='ltr'><strong>fructus</strong></span> 
     </span>
    </p>
   </div>
   <div class='ocr_carea' id='block_1_5' title="bbox 79 1901 1714 2651">
    <p class='ocr_par' dir='ltr' id='par_1_5' title="bbox 79 1901 1714 2651">
     <span class='ocr_line' id='line_1_24' title="bbox 83 1901 1714 1960; baseline 0.001 -16"><span class='ocrx_word' id='word_1_186' title='bbox 83 1901 187 1947; x_wconf 91' lang='lat' dir='ltr'><strong>inde</strong></span> <span class='ocrx_word' id='word_1_187' title='bbox 208 1903 478 1959; x_wconf 88' lang='lat' dir='ltr'><strong>proueniens</strong></span> <span class='ocrx_word' id='word_1_188' title='bbox 499 1904 795 1960; x_wconf 87' lang='lat' dir='ltr'><strong>suggerebat,</strong></span> <span class='ocrx_word' id='word_1_189' title='bbox 826 1902 1053 1959; x_wconf 90' lang='lat' dir='ltr'><strong>impressis</strong></span> <span class='ocrx_word' id='word_1_190' title='bbox 1081 1901 1269 1945; x_wconf 91' lang='lat' dir='ltr'><strong>canticis</strong></span> <span class='ocrx_word' id='word_1_191' title='bbox 1296 1901 1441 1944; x_wconf 89' lang='lat' dir='ltr'><strong>laudis</strong></span> <span class='ocrx_word' id='word_1_192' title='bbox 1471 1908 1515 1945; x_wconf 88' lang='lat' dir='ltr'><strong>et</strong></span> <span class='ocrx_word' id='word_1_193' title='bbox 1544 1901 1714 1957; x_wconf 89' lang='lat' dir='ltr'><strong>gloriae</strong></span> 
     </span>
     <span class='ocr_line' id='line_1_25' title="bbox 82 1977 1713 2033; baseline -0.002 -11"><span class='ocrx_word' id='word_1_194' title='bbox 82 1979 263 2022; x_wconf 91' lang='lat' dir='ltr'><strong>Domini</strong></span> <span class='ocrx_word' id='word_1_195' title='bbox 280 1980 327 2022; x_wconf 92' lang='lat' dir='ltr'><strong>in</strong></span> <span class='ocrx_word' id='word_1_196' title='bbox 348 1980 559 2023; x_wconf 88' lang='lat' dir='ltr'><strong>cordibus</strong></span> <span class='ocrx_word' id='word_1_197' title='bbox 580 1980 829 2033; x_wconf 89' lang='lat' dir='ltr'><strong>hominurn,</strong></span> <span class='ocrx_word' id='word_1_198' title='bbox 865 1994 1022 2024; x_wconf 91' lang='lat' dir='ltr'><strong>recens</strong></span> <span class='ocrx_word' id='word_1_199' title='bbox 1051 1979 1107 2022; x_wconf 92' lang='lat' dir='ltr'><strong>ad</strong></span> <span class='ocrx_word' id='word_1_200' title='bbox 1135 1979 1269 2022; x_wconf 90' lang='lat' dir='ltr'><strong>fidem</strong></span> <span class='ocrx_word' id='word_1_201' title='bbox 1298 1992 1639 2021; x_wconf 88' lang='lat' dir='ltr'><strong>conuersorum:</strong></span> <span class='ocrx_word' id='word_1_202' title='bbox 1666 1977 1713 2020; x_wconf 91' lang='lat' dir='ltr'><strong>in</strong></span> 
     </span>
     <span class='ocr_line' id='line_1_26' title="bbox 80 2054 1713 2114; baseline -0.001 -16"><span class='ocrx_word' id='word_1_203' title='bbox 80 2057 192 2101; x_wconf 91' lang='lat' dir='ltr'><strong>vrbe</strong></span> <span class='ocrx_word' id='word_1_204' title='bbox 214 2056 333 2101; x_wconf 92' lang='lat' dir='ltr'><strong>enim</strong></span> <span class='ocrx_word' id='word_1_205' title='bbox 356 2058 522 2101; x_wconf 91' lang='lat' dir='ltr'><strong>Maluci</strong></span> <span class='ocrx_word' id='word_1_206' title='bbox 550 2057 678 2114; x_wconf 91' lang='lat' dir='ltr'><strong>pueri</strong></span> <span class='ocrx_word' id='word_1_207' title='bbox 705 2072 785 2113; x_wconf 91' lang='lat' dir='ltr'><strong>per</strong></span> <span class='ocrx_word' id='word_1_208' title='bbox 808 2058 993 2113; x_wconf 90' lang='lat' dir='ltr'><strong>plateas,</strong></span> <span class='ocrx_word' id='word_1_209' title='bbox 1030 2064 1076 2100; x_wconf 90' lang='lat' dir='ltr'><strong>et</strong></span> <span class='ocrx_word' id='word_1_210' title='bbox 1097 2057 1274 2112; x_wconf 87' lang='lat' dir='ltr'><strong>puellae</strong></span> <span class='ocrx_word' id='word_1_211' title='bbox 1302 2070 1354 2098; x_wconf 96' lang='lat' dir='ltr'><strong>ac</strong></span> <span class='ocrx_word' id='word_1_212' title='bbox 1383 2055 1595 2099; x_wconf 90' lang='lat' dir='ltr'><strong>mulieres</strong></span> <span class='ocrx_word' id='word_1_213' title='bbox 1618 2054 1713 2097; x_wconf 87' lang='lat' dir='ltr'><strong>suis</strong></span> 
     </span>
     <span class='ocr_line' id='line_1_27' title="bbox 79 2131 1711 2190; baseline -0.001 -15"><span class='ocrx_word' id='word_1_214' title='bbox 79 2132 125 2175; x_wconf 91' lang='lat' dir='ltr'><strong>in</strong></span> <span class='ocrx_word' id='word_1_215' title='bbox 147 2133 370 2188; x_wconf 89' lang='lat' dir='ltr'><strong>domibus,</strong></span> <span class='ocrx_word' id='word_1_216' title='bbox 396 2134 473 2177; x_wconf 92' lang='lat' dir='ltr'><strong>diu</strong></span> <span class='ocrx_word' id='word_1_217' title='bbox 496 2141 741 2190; x_wconf 88' lang='lat' dir='ltr'><strong>noctuque,</strong></span> <span class='ocrx_word' id='word_1_218' title='bbox 768 2134 995 2190; x_wconf 89' lang='lat' dir='ltr'><strong>agricolae</strong></span> <span class='ocrx_word' id='word_1_219' title='bbox 1017 2133 1064 2176; x_wconf 93' lang='lat' dir='ltr'><strong>in</strong></span> <span class='ocrx_word' id='word_1_220' title='bbox 1087 2133 1224 2190; x_wconf 87' lang='lat' dir='ltr'><strong>agris,</strong></span> <span class='ocrx_word' id='word_1_221' title='bbox 1250 2133 1495 2188; x_wconf 87' lang='lat' dir='ltr'><strong>piscatores</strong></span> <span class='ocrx_word' id='word_1_222' title='bbox 1518 2131 1564 2175; x_wconf 87' lang='lat' dir='ltr'><strong>in</strong></span> <span class='ocrx_word' id='word_1_223' title='bbox 1581 2131 1711 2183; x_wconf 91' lang='lat' dir='ltr'><strong>mari,</strong></span> 
     </span>
     <span class='ocr_line' id='line_1_28' title="bbox 80 2209 1707 2266; baseline -0.002 -13"><span class='ocrx_word' id='word_1_224' title='bbox 80 2210 180 2254; x_wconf 94' lang='lat' dir='ltr'><strong>loco</strong></span> <span class='ocrx_word' id='word_1_225' title='bbox 203 2226 420 2254; x_wconf 87' lang='lat' dir='ltr'><strong>vanarum</strong></span> <span class='ocrx_word' id='word_1_226' title='bbox 442 2211 768 2256; x_wconf 88' lang='lat' dir='ltr'><strong>cantilenarum</strong></span> <span class='ocrx_word' id='word_1_227' title='bbox 797 2218 952 2254; x_wconf 91' lang='lat' dir='ltr'><strong>sancta</strong></span> <span class='ocrx_word' id='word_1_228' title='bbox 975 2210 1149 2254; x_wconf 91' lang='lat' dir='ltr'><strong>cantica</strong></span> <span class='ocrx_word' id='word_1_229' title='bbox 1177 2210 1495 2266; x_wconf 89' lang='lat' dir='ltr'><strong>personabant,</strong></span> <span class='ocrx_word' id='word_1_230' title='bbox 1526 2216 1575 2251; x_wconf 77' lang='lat' dir='ltr'><strong>vt</strong></span> <span class='ocrx_word' id='word_1_231' title='bbox 1603 2209 1707 2251; x_wconf 84' lang='lat' dir='ltr'><strong>sim—</strong></span> 
     </span>
     <span class='ocr_line' id='line_1_29' title="bbox 81 2286 1711 2343; baseline -0.001 -14"><span class='ocrx_word' id='word_1_232' title='bbox 81 2287 253 2339; x_wconf 91' lang='lat' dir='ltr'><strong>bolum,</strong></span> <span class='ocrx_word' id='word_1_233' title='bbox 279 2288 525 2331; x_wconf 89' lang='lat' dir='ltr'><strong>orationem</strong></span> <span class='ocrx_word' id='word_1_234' title='bbox 548 2288 834 2341; x_wconf 89' lang='lat' dir='ltr'><strong>dominicam,</strong></span> <span class='ocrx_word' id='word_1_235' title='bbox 856 2287 1174 2330; x_wconf 91' lang='lat' dir='ltr'><strong>salutationem</strong></span> <span class='ocrx_word' id='word_1_236' title='bbox 1201 2286 1469 2343; x_wconf 88' lang='lat' dir='ltr'><strong>angelicam,</strong></span> <span class='ocrx_word' id='word_1_237' title='bbox 1502 2299 1552 2329; x_wconf 90' lang='lat'><strong>10</strong></span> <span class='ocrx_word' id='word_1_238' title='bbox 1580 2300 1711 2342; x_wconf 86' lang='lat' dir='ltr'><strong>prae-</strong></span> 
     </span>
     <span class='ocr_line' id='line_1_30' title="bbox 84 2362 1712 2420; baseline 0 -14"><span class='ocrx_word' id='word_1_239' title='bbox 84 2370 228 2420; x_wconf 88' lang='lat' dir='ltr'><strong>cepta,</strong></span> <span class='ocrx_word' id='word_1_240' title='bbox 269 2379 404 2420; x_wconf 88' lang='lat' dir='ltr'><strong>opera</strong></span> <span class='ocrx_word' id='word_1_241' title='bbox 435 2365 788 2417; x_wconf 89' lang='lat' dir='ltr'><strong>misericordiae,</strong></span> <span class='ocrx_word' id='word_1_242' title='bbox 831 2365 1090 2420; x_wconf 90' lang='lat' dir='ltr'><strong>generalem</strong></span> <span class='ocrx_word' id='word_1_243' title='bbox 1127 2362 1479 2416; x_wconf 87' lang='lat' dir='ltr'><strong>confessionem,</strong></span> <span class='ocrx_word' id='word_1_244' title='bbox 1520 2370 1566 2405; x_wconf 91' lang='lat' dir='ltr'><strong>et</strong></span> <span class='ocrx_word' id='word_1_245' title='bbox 1602 2363 1712 2406; x_wconf 89' lang='lat' dir='ltr'><strong>alias</strong></span> 
     </span>
     <span class='ocr_line' id='line_1_31' title="bbox 83 2440 1710 2497; baseline 0 -15"><span class='ocrx_word' id='word_1_246' title='bbox 83 2441 244 2483; x_wconf 86' lang='lat' dir='ltr'><strong>multas</strong></span> <span class='ocrx_word' id='word_1_247' title='bbox 266 2441 510 2495; x_wconf 90' lang='lat' dir='ltr'><strong>orationes,</strong></span> <span class='ocrx_word' id='word_1_248' title='bbox 535 2449 581 2485; x_wconf 89' lang='lat' dir='ltr'><strong>et</strong></span> <span class='ocrx_word' id='word_1_249' title='bbox 604 2441 786 2497; x_wconf 90' lang='lat' dir='ltr'><strong>quidem</strong></span> <span class='ocrx_word' id='word_1_250' title='bbox 809 2440 959 2484; x_wconf 92' lang='lat' dir='ltr'><strong>omnia</strong></span> <span class='ocrx_word' id='word_1_251' title='bbox 976 2455 1057 2484; x_wconf 91' lang='lat' dir='ltr'><strong>suo</strong></span> <span class='ocrx_word' id='word_1_252' title='bbox 1080 2440 1308 2493; x_wconf 87' lang='lat' dir='ltr'><strong>idiomate,</strong></span> <span class='ocrx_word' id='word_1_253' title='bbox 1338 2455 1454 2495; x_wconf 88' lang='lat' dir='ltr'><strong>quae</strong></span> <span class='ocrx_word' id='word_1_254' title='bbox 1483 2447 1527 2484; x_wconf 91' lang='lat' dir='ltr'><strong>et</strong></span> <span class='ocrx_word' id='word_1_255' title='bbox 1552 2455 1577 2483; x_wconf 94' lang='lat' dir='ltr'><strong>a</strong></span> <span class='ocrx_word' id='word_1_256' title='bbox 1599 2454 1710 2482; x_wconf 89' lang='lat' dir='ltr'><strong>con-</strong></span> 
     </span>
     <span class='ocr_line' id='line_1_32' title="bbox 82 2516 1707 2574; baseline 0 -16"><span class='ocrx_word' id='word_1_257' title='bbox 82 2516 224 2560; x_wconf 89' lang='lat' dir='ltr'><strong>uersis</strong></span> <span class='ocrx_word' id='word_1_258' title='bbox 247 2518 303 2560; x_wconf 93' lang='lat' dir='ltr'><strong>ad</strong></span> <span class='ocrx_word' id='word_1_259' title='bbox 329 2519 464 2561; x_wconf 92' lang='lat' dir='ltr'><strong>fidem</strong></span> <span class='ocrx_word' id='word_1_260' title='bbox 487 2526 532 2562; x_wconf 86' lang='lat' dir='ltr'><strong>et</strong></span> <span class='ocrx_word' id='word_1_261' title='bbox 570 2520 625 2562; x_wconf 93' lang='lat' dir='ltr'><strong>ab</strong></span> <span class='ocrx_word' id='word_1_262' title='bbox 658 2517 916 2562; x_wconf 87' lang='lat' dir='ltr'><strong>infidelibus</strong></span> <span class='ocrx_word' id='word_1_263' title='bbox 952 2516 1146 2574; x_wconf 90' lang='lat' dir='ltr'><strong>intelligi</strong></span> <span class='ocrx_word' id='word_1_264' title='bbox 1181 2523 1404 2573; x_wconf 87' lang='lat' dir='ltr'><strong>poterant:</strong></span> <span class='ocrx_word' id='word_1_265' title='bbox 1431 2517 1538 2560; x_wconf 87' lang='lat' dir='ltr'><strong>mihi</strong></span> <span class='ocrx_word' id='word_1_266' title='bbox 1557 2523 1707 2561; x_wconf 90' lang='lat' dir='ltr'><strong>autern</strong></span> 
     </span>
     <span class='ocr_line' id='line_1_33' title="bbox 79 2591 1709 2651; baseline 0.001 -17"><span class='ocrx_word' id='word_1_267' title='bbox 79 2591 202 2635; x_wconf 90' lang='lat' dir='ltr'><strong>dedit</strong></span> <span class='ocrx_word' id='word_1_268' title='bbox 227 2595 355 2638; x_wconf 89' lang='lat' dir='ltr'><strong>Deus</strong></span> <span class='ocrx_word' id='word_1_269' title='bbox 392 2595 585 2651; x_wconf 89' lang='lat' dir='ltr'><strong>gratiam</strong></span> <span class='ocrx_word' id='word_1_270' title='bbox 612 2594 818 2639; x_wconf 91' lang='lat' dir='ltr'><strong>inuenire</strong></span> <span class='ocrx_word' id='word_1_271' title='bbox 846 2593 893 2636; x_wconf 92' lang='lat' dir='ltr'><strong>in</strong></span> <span class='ocrx_word' id='word_1_272' title='bbox 920 2593 1063 2637; x_wconf 87' lang='lat' dir='ltr'><strong>oculis</strong></span> <span class='ocrx_word' id='word_1_273' title='bbox 1098 2593 1298 2637; x_wconf 92' lang='lat' dir='ltr'><strong>omnium</strong></span> <span class='ocrx_word' id='word_1_274' title='bbox 1326 2594 1360 2649; x_wconf 71' lang='lat'><strong>²²,</strong></span> <span class='ocrx_word' id='word_1_275' title='bbox 1392 2601 1481 2637; x_wconf 90' lang='lat' dir='ltr'><strong>tam</strong></span> <span class='ocrx_word' id='word_1_276' title='bbox 1509 2593 1709 2638; x_wconf 87' lang='lat' dir='ltr'><strong>fidelium</strong></span> 
     </span>
    </p>
   </div>
   <div class='ocr_carea' id='block_1_6' title="bbox 79 2670 496 2723">
    <p class='ocr_par' dir='ltr' id='par_1_6' title="bbox 79 2670 496 2723">
     <span class='ocr_line' id='line_1_34' title="bbox 79 2670 496 2723; baseline 0.01 -12"><span class='ocrx_word' id='word_1_277' title='bbox 79 2681 215 2723; x_wconf 91' lang='lat' dir='ltr'><strong>quam</strong></span> <span class='ocrx_word' id='word_1_278' title='bbox 233 2670 496 2715; x_wconf 87' lang='lat' dir='ltr'><strong>infidelium.</strong></span> 
     </span>
    </p>
   </div>
   <div class='ocr_carea' id='block_1_7' title="bbox 85 2767 346 2776">
    <p class='ocr_par' dir='ltr' id='par_1_7' title="bbox 85 2767 346 2776">
     <span class='ocr_line' id='line_1_35' title="bbox 85 2767 346 2776; baseline 0 734"><span class='ocrx_word' id='word_1_279' title='bbox 85 2767 346 2776; x_wconf 95' lang='lat' dir='ltr'><strong> </strong></span> 
     </span>
    </p>
   </div>
   <div class='ocr_carea' id='block_1_8' title="bbox 78 2812 1708 2921">
    <p class='ocr_par' dir='ltr' id='par_1_8' title="bbox 78 2812 1708 2921">
     <span class='ocr_line' id='line_1_36' title="bbox 146 2812 1708 2860; baseline 0 -13"><span class='ocrx_word' id='word_1_280' title='bbox 146 2813 160 2834; x_wconf 80' lang='lat'>²</span> <span class='ocrx_word' id='word_1_281' title='bbox 212 2813 274 2848; x_wconf 93' lang='lat' dir='ltr'><strong>Ab</strong></span> <span class='ocrx_word' id='word_1_282' title='bbox 293 2813 431 2860; x_wconf 88' lang='lat' dir='ltr'><strong>Indiis,</strong></span> <span class='ocrx_word' id='word_1_283' title='bbox 457 2826 613 2860; x_wconf 89' lang='lat' dir='ltr'><strong>nempe,</strong></span> <span class='ocrx_word' id='word_1_284' title='bbox 641 2812 977 2857; x_wconf 82' lang='lat' dir='ltr'><strong>Occidentalibus,</strong></span> <span class='ocrx_word' id='word_1_285' title='bbox 1009 2813 1239 2860; x_wconf 88' lang='lat' dir='ltr'><strong>Imperatori</strong></span> <span class='ocrx_word' id='word_1_286' title='bbox 1269 2814 1409 2850; x_wconf 89' lang='lat' dir='ltr'><strong>Carolo</strong></span> <span class='ocrx_word' id='word_1_287' title='bbox 1440 2814 1475 2848; x_wconf 90' lang='lat' dir='ltr'>V</span> <span class='ocrx_word' id='word_1_288' title='bbox 1505 2812 1708 2859; x_wconf 86' lang='lat' dir='ltr'><strong>subjectis,</strong></span> 
     </span>
     <span class='ocr_line' id='line_1_37' title="bbox 78 2872 1702 2921; baseline 0 -15"><span class='ocrx_word' id='word_1_289' title='bbox 78 2872 304 2917; x_wconf 84' lang='lat' dir='ltr'><strong>praesertim</strong></span> <span class='ocrx_word' id='word_1_290' title='bbox 322 2885 344 2908; x_wconf 90' lang='lat' dir='ltr'><strong>a</strong></span> <span class='ocrx_word' id='word_1_291' title='bbox 362 2873 475 2908; x_wconf 88' lang='lat' dir='ltr'><strong>Nova</strong></span> <span class='ocrx_word' id='word_1_292' title='bbox 491 2873 681 2920; x_wconf 84' lang='lat' dir='ltr'><strong>Hispania</strong></span> <span class='ocrx_word' id='word_1_293' title='bbox 698 2884 769 2909; x_wconf 87' lang='lat' dir='ltr'><strong>seu</strong></span> <span class='ocrx_word' id='word_1_294' title='bbox 787 2873 955 2919; x_wconf 89' lang='lat' dir='ltr'><strong>Mexico,</strong></span> <span class='ocrx_word' id='word_1_295' title='bbox 974 2873 1078 2909; x_wconf 86' lang='lat' dir='ltr'><strong>unde</strong></span> <span class='ocrx_word' id='word_1_296' title='bbox 1097 2874 1244 2909; x_wconf 86' lang='lat' dir='ltr'><strong>classes</strong></span> <span class='ocrx_word' id='word_1_297' title='bbox 1268 2874 1455 2921; x_wconf 87' lang='lat' dir='ltr'><strong>hispanae</strong></span> <span class='ocrx_word' id='word_1_298' title='bbox 1480 2873 1702 2908; x_wconf 85' lang='lat' dir='ltr'><strong>solvebant.</strong></span> 
     </span>
    </p>
   </div>
   <div class='ocr_carea' id='block_1_9' title="bbox 150 2931 1441 3038">
    <p class='ocr_par' dir='ltr' id='par_1_9' title="bbox 150 2931 1441 3038">
     <span class='ocr_line' id='line_1_38' title="bbox 150 2931 706 2969; baseline 0.004 -3"><span class='ocrx_word' id='word_1_299' title='bbox 150 2931 164 2951; x_wconf 79' lang='lat'>³</span> <span class='ocrx_word' id='word_1_300' title='bbox 213 2932 258 2966; x_wconf 90' lang='lat' dir='ltr'><strong>In</strong></span> <span class='ocrx_word' id='word_1_301' title='bbox 275 2931 426 2967; x_wconf 89' lang='lat' dir='ltr'><strong>Indiam</strong></span> <span class='ocrx_word' id='word_1_302' title='bbox 445 2931 706 2969; x_wconf 86' lang='lat' dir='ltr'><strong>Orientalem.</strong></span> 
     </span>
     <span class='ocr_line' id='line_1_39' title="bbox 153 2990 1441 3038; baseline 0.002 -14"><span class='ocrx_word' id='word_1_303' title='bbox 153 2991 167 3010; x_wconf 71' lang='lat'><strong>⁴</strong></span> <span class='ocrx_word' id='word_1_304' title='bbox 218 2990 282 3026; x_wconf 91' lang='lat' dir='ltr'><strong>«Si</strong></span> <span class='ocrx_word' id='word_1_305' title='bbox 301 2991 434 3027; x_wconf 85' lang='lat' dir='ltr'><strong>inveni</strong></span> <span class='ocrx_word' id='word_1_306' title='bbox 451 2991 616 3038; x_wconf 84' lang='lat' dir='ltr'><strong>gratiam</strong></span> <span class='ocrx_word' id='word_1_307' title='bbox 635 2991 674 3027; x_wconf 92' lang='lat' dir='ltr'><strong>in</strong></span> <span class='ocrx_word' id='word_1_308' title='bbox 692 2992 814 3027; x_wconf 91' lang='lat' dir='ltr'><strong>oculis</strong></span> <span class='ocrx_word' id='word_1_309' title='bbox 833 2992 925 3038; x_wconf 89' lang='lat' dir='ltr'><strong>tuis,</strong></span> <span class='ocrx_word' id='word_1_310' title='bbox 945 3003 967 3027; x_wconf 94' lang='lat' dir='ltr'><strong>o</strong></span> <span class='ocrx_word' id='word_1_311' title='bbox 984 3004 1099 3027; x_wconf 85' lang='lat' dir='ltr'><strong>rex.»</strong></span> <span class='ocrx_word' id='word_1_312' title='bbox 1118 2993 1272 3036; x_wconf 86' lang='lat' dir='ltr'><strong>ESTH.,</strong></span> <span class='ocrx_word' id='word_1_313' title='bbox 1293 2992 1381 3037; x_wconf 87' lang='lat' dir='ltr'><strong>VII,</strong></span> <span class='ocrx_word' id='word_1_314' title='bbox 1401 2991 1441 3026; x_wconf 86' lang='lat'><strong>3.</strong></span> 
     </span>
    </p>
   </div>
  </div>
 </body>
</html>
