2018 3510
305 205 374 240 440
792 195 1067 230 MONUMENTA
1099 194 1351 228 XAVERIANA

346 309 388 350 4.
455 296 636 340 Exactis
672 296 742 340 his
775 296 917 339 tribus
955 294 1186 338 mensibus
1223 295 1401 338 Maluco
1438 294 1668 350 profectus
1703 308 1804 337 sum
1832 294 1889 337 ad

258 373 475 429 quasdam
497 373 681 426 insulas,
708 388 822 429 quae
845 373 917 416 del
941 374 1068 415 Moro
1091 371 1320 426 dicuntur,
1346 386 1462 426 quae
1490 357 1726 427 sex-aginta
1747 370 1889 414 leucis

257 448 363 492 inde
380 449 563 504 distant,
589 450 665 493 vbi
688 450 857 505 aliquot
880 448 1225 492 christianorum
1262 448 1395 504 opida
1427 454 1570 500 erant,
1596 461 1712 502 quae
1728 463 1753 490 a
1769 449 1888 490 mul—

258 525 315 570 tis
337 527 465 570 annis
487 528 797 571 sacerdotibus
819 533 1072 579 caruerant,
1100 533 1195 568 tum
1213 526 1333 581 quod
1350 525 1406 568 ab
1423 524 1549 567 India
1565 524 1888 569 remotissimae

257 603 347 646 sint
374 606 460 648 hae
487 604 675 657 insulae,
710 611 805 647 tum
835 604 957 659 quod
984 602 1180 646 insulani
1208 603 1448 658 quemdam
1482 602 1779 654 sacerdotem,
1811 602 1888 657 qui

258 695 307 724 se
330 696 384 725 eo
407 682 675 734 contulerat,
701 680 1034 725 interemissent
1060 681 1089 722 ⁵.
1118 679 1354 735 Baptizaui
1376 678 1591 735 plurimos
1609 693 1790 734 pueros,
1812 678 1889 734 qui

260 758 482 814 baptismo
504 765 757 810 caruerant,
784 765 828 800 et
852 757 995 800 tribus
1025 756 1256 800 mensibus
1283 758 1412 813 (quos
1434 755 1495 798 ibi
1525 756 1674 812 exegi)
1708 755 1891 801 uisitaui

261 834 411 878 omnia
438 835 784 878 christianorum
831 834 964 890 opida
996 841 1041 876 et
1084 833 1208 876 vicos
1245 848 1349 876 cum
1387 839 1546 875 mutua
1583 831 1891 876 consolatione

262 926 441 968 magna.
469 914 568 955 Hae
590 912 765 956 insulae
788 912 920 955 ualde
942 910 1219 967 periculosae
1242 917 1348 953 sunt
1370 911 1427 952 ob
1450 909 1608 953 crebra
1629 909 1746 953 inter
1770 908 1892 965 ipsos

263 988 395 1031 bella:
421 1003 534 1044 gens
562 989 751 1031 barbara
778 996 861 1040 est,
894 988 1218 1044 scripturarum
1249 975 1417 1041 nescia,
1449 993 1494 1031 et
1522 1001 1697 1029 veneno
1726 987 1890 1039 solent,

264 1079 378 1120 quos
400 1066 607 1118 oderunt,
634 1066 689 1108 de
711 1065 858 1108 medio
882 1065 1052 1116 tollere,
1080 1065 1200 1120 quod
1229 1065 1388 1107 crebro
1416 1063 1602 1107 faciunt.
1635 1065 1774 1106 Terra
1797 1062 1893 1119 ipsa

263 1156 435 1198 aspera,
461 1150 506 1185 et
525 1144 591 1185 ob
618 1144 800 1186 crebros
822 1149 998 1185 montes
1021 1142 1203 1186 incessu
1230 1141 1468 1193 laboriosa,
1499 1139 1726 1197 corporeis
1758 1139 1893 1184 etiam

264 1219 551 1262 nutrimentis
583 1219 814 1264 destituta:
845 1206 1057 1275 ignorant
1096 1219 1204 1274 quid
1237 1218 1295 1262 sit
1332 1219 1607 1262 frumentum
1643 1224 1689 1260 et
1719 1204 1889 1260 vinum:

266 1296 477 1340 carnibus
516 1298 608 1348 fere
640 1296 775 1340 nullis
797 1304 974 1352 praeter
1003 1311 1136 1352 apros
1173 1302 1378 1348 Vtuntur,
1419 1309 1504 1338 nec
1541 1309 1684 1350 aquae
1713 1293 1895 1349 quidem

266 1373 399 1429 copia
421 1374 573 1416 multis
602 1374 647 1417 in
675 1373 786 1416 locis
814 1372 1029 1429 suppetit;
1071 1373 1191 1416 oriza
1228 1373 1429 1416 abundat
1462 1379 1507 1417 et
1535 1371 1773 1415 arboribus
1795 1371 1897 1426 qui-

267 1451 473 1503 busdam,
504 1467 529 1495 a
552 1452 717 1507 quibus
745 1451 898 1495 cibum
926 1459 972 1496 et
993 1459 1166 1507 potum,
1199 1458 1244 1494 et
1272 1450 1454 1506 quidem
1477 1457 1629 1492 uestes
1658 1449 1714 1491 de
1739 1462 1897 1492 eorum

266 1527 524 1581 corticibus,
551 1528 793 1584 accipiunt.
820 1530 947 1572 Haec
969 1528 1136 1584 scripta
1158 1527 1296 1579 volui,
1316 1534 1365 1569 ut
1388 1525 1651 1582 intelligatis
1669 1540 1803 1581 quam
1825 1539 1898 1568 re-

269 1604 442 1662 sert[a]e
463 1605 775 1661 'spiritualibus
792 1605 1179 1648 consolationibus
1196 1604 1286 1647 sint
1302 1606 1388 1648 hae
1409 1603 1599 1655 insulae,
1623 1617 1727 1645 cum
1744 1616 1898 1645 earum

268 1681 395 1736 quasi
419 1682 618 1725 thesauri
640 1682 896 1725 inexhausti
918 1682 1008 1725 sint
1029 1681 1179 1725 omnia
1195 1683 1308 1725 haec
1326 1680 1525 1737 pericula
1541 1686 1586 1723 et
1602 1680 1796 1733 labores,
1816 1693 1898 1722 vo-

266 1758 459 1802 luntarie
480 1773 536 1802 ex
558 1760 653 1802 solo
676 1759 763 1803 Dei
786 1774 937 1803 amore
964 1758 1179 1814 suscepti3
1212 1772 1373 1802 reuera
1399 1756 1658 1813 aptissimae
1686 1755 1898 1799 uidentur

268 1837 352 1879 hae
374 1835 546 1879 insulae
569 1843 619 1878 ut
646 1836 803 1892 paucis
840 1835 986 1888 annis,
1027 1850 1133 1891 prae
1160 1836 1492 1890 lachrymarum
1529 1832 1729 1875 dulcium
1752 1832 1899 1874 abun-

265 1912 433 1965 dantia,
453 1913 600 1956 visum
622 1914 857 1956 oculorum
880 1913 1026 1956 carnis
1049 1912 1149 1968 quis
1172 1911 1363 1955 amittat.
1384 1912 1480 1954 Nec
1499 1909 1680 1954 memini
1699 1923 1899 1965 unquam

271 1996 336 2032 tot
354 1996 536 2045 tamque
567 1990 806 2034 continuas
843 2004 1124 2046 magnasque
1152 1988 1405 2045 spirituales
1437 1985 1772 2030 consolationes
1797 2000 1900 2028 cum

272 2073 362 2109 tam
384 2067 551 2123 exiguo
568 2067 866 2124 corporalium
884 2068 1088 2111 laborum
1106 2081 1243 2109 sensu
1255 2064 1365 2107 mihi
1380 2063 1614 2114 accidisse,
1635 2077 1738 2106 cum
1756 2061 1904 2105 hosti—

270 2144 356 2186 bus
379 2143 682 2188 circumdatae
704 2144 794 2187 sint
821 2144 1011 2196 insulae,
1037 2150 1082 2187 et
1109 2145 1164 2186 ab
1194 2142 1349 2185 amicis
1376 2156 1534 2198 parum
1563 2139 1702 2183 firmis
1724 2139 1904 2182 habita—

273 2227 359 2272 tae,
381 2227 425 2264 et
441 2221 649 2264 remediis
671 2221 999 2273 infirmitatum,
1025 2235 1077 2263 ac
1100 2221 1192 2262 fere
1223 2218 1434 2262 omnibus
1463 2217 1765 2262 secundarum
1794 2230 1905 2258 cau·

273 2311 423 2340 sarum
446 2298 621 2341 auxiliis
643 2291 699 2342 ad
721 2298 861 2342 uitam
879 2299 1094 2341 tuendam
1123 2297 1381 2340 destitutae:
1408 2295 1569 2339 melius
1596 2301 1665 2338 est
1687 2308 1798 2350 ergo
1828 2307 1904 2337 eas

274 2375 446 2417 Insulas
468 2375 677 2430 sperandi
699 2375 746 2419 in
762 2375 973 2428 Domino,
994 2389 1129 2430 quam
1152 2374 1225 2417 del
1246 2375 1376 2416 Moro
1399 2386 1678 2427 nuncupare.

346 2529 360 2549 ⁵
411 2529 686 2564 «Rebellou-se
705 2516 880 2565 no‘Moro
899 2541 963 2564 um
982 2529 1164 2574 Sangage
1183 2532 1318 2563 contra
1341 2539 1362 2562 a
1386 2536 1499 2562 coroa
1523 2526 1571 2561 de
1589 2526 1775 2560 Ternate.
1801 2524 1907 2558 Man-

276 2587 353 2622 dou
371 2592 505 2622 eontra
523 2589 597 2622 elle
616 2600 705 2623 uma
722 2589 878 2623 armada
896 2601 916 2623 e
936 2599 1004 2635 por
1021 2588 1172 2635 capitao
1190 2587 1292 2622 della
1315 2598 1381 2621 um
1405 2585 1563 2631 Clerigo
1586 2596 1655 2631 por
1679 2594 1793 2619 nome
1818 2583 1909 2617 Fer-

278 2649 350 2681 nao
378 2645 564 2692 Vinagre,
590 2658 664 2693 que
690 2648 812 2682 obrou
836 2648 1086 2683 maravilhas.
1118 2647 1248 2682 Matou
1268 2657 1314 2681 ao
1344 2644 1567 2690 levantado,
1592 2642 1910 2679 desbaratou-lhe

278 2717 367 2740 uma
382 2705 530 2751 grande
548 2705 703 2741 armada
722 2718 742 2740 e
760 2695 896 2752 depo'is
913 2707 962 2742 da
980 2707 1145 2742 victoria
1162 2705 1351 2753 pacificou
1369 2716 1391 2739 a
1408 2709 1511 2739 terra
1534 2715 1556 2738 e
1575 2706 1790 2738 converteu
1814 2700 1910 2735 mui-

280 2771 339 2801 tos
357 2767 378 2800 a
397 2765 450 2799 Fe
468 2764 517 2799 de
535 2764 707 2800 Christo.
733 2766 878 2800 Voltou
896 2778 917 2801 a
935 2767 1105 2801 Ternate
1123 2777 1234 2801 como
1253 2764 1413 2800 soldado
1437 2761 1648 2798 victorioso
1675 2773 1697 2796 e
1721 2759 1910 2796 tornando

278 2824 454 2870 segunda
470 2836 543 2859 vez
560 2835 606 2858 ao
624 2824 731 2859 Moro
750 2830 861 2860 corno
880 2825 1125 2860 Missionario
1145 2823 1371 2871 Apostolico
1390 2822 1574 2869 baptizou
1587 2820 1735 2867 grande
1749 2829 1911 2854 nurnero

279 2884 328 2919 de
345 2883 571 2929 gentios...»
592 2883 749 2930 SOUZA,
774 2883 937 2919 Oriente
955 2895 1080 2930 conq„
1106 2893 1120 2918 Ι
1133 2883 1165 2919 ‚²
1182 2889 1305 2931 part.,
1325 2894 1439 2929 eonq.
1457 2882 1529 2928 III,
1548 2881 1628 2916 div.
1645 2880 1676 2932 1,
1691 2892 1729 2914 n.
1746 2878 1803 2914 26.
1821 2878 1910 2913 Non

281 2944 400 2978 multo
418 2948 506 2990 post
524 2954 545 2977 a
563 2942 737 2978 barbaris
755 2942 829 2978 fuit
846 2943 1011 2987 occisus,
1031 2942 1164 2990 sicque
1184 2943 1310 2978 insula
1329 2942 1443 2978 unico
1461 2940 1678 2984 sacerdote,
1704 2949 1821 2985 quem
1844 2937 1910 2971 ha-

282 3006 415 3050 bebat,
434 3003 601 3050 privata.
