2018 3510
340 249 407 293 528
835 245 1108 279 MONUMENTA
1128 242 1380 276 XAVERIANA

291 364 315 391 a
343 347 493 398 variis,
532 347 781 401 iisdemque
810 344 997 395 idoneis,
1031 342 1301 394 Autoribus,
1336 341 1503 397 quippe
1535 342 1581 384 in
1614 356 1661 384 re
1693 343 1918 398 praesenti

290 424 494 476 versatis,
519 423 709 479 plurima
732 430 776 466 et
803 421 913 463 mira
937 421 1193 463 referuntur
1221 419 1277 460 de
1307 417 1475 474 insigni
1503 420 1695 473 quadam
1727 419 1919 474 disposi-

290 501 410 544 tione
433 516 549 555 quae
572 500 615 542 in
640 499 801 542 Insulis
827 496 1044 555 Japoniae
1074 494 1273 538 cernitur
1299 496 1358 537 ad
1380 495 1685 550 accipiendam
1707 497 1914 539 Nostram

290 580 501 623 Sanctam
524 576 819 632 Religionem3
846 573 1000 629 putavi
1030 571 1137 613 mihi
1165 573 1458 616 vehementer
1486 579 1622 626 atque
1650 571 1869 616 instanter
1890 589 1917 616 a

287 657 386 698 Deo
407 656 573 698 Nostro
593 652 788 696 Domino
813 650 1071 706 petendum,
1100 654 1148 690 ut
1170 648 1435 704 dignaretur
1464 663 1598 691 sensu
1629 649 1823 703 quodam
1845 649 1915 691 in-

291 731 399 773 timo
426 731 472 773 in
509 730 706 772 animum
743 742 893 771 meum
931 725 1129 768 immisso
1158 724 1430 780 significare,
1471 725 1634 779 ecquid
1672 725 1756 781 ipsi
1792 727 1915 768 cordi

290 815 424 861 esset,
456 821 528 849 me
564 806 639 848 illo
668 803 905 861 proficisci3
937 802 1161 857 simulque
1189 803 1316 846 daret
1353 801 1471 844 vires
1510 803 1565 844 ad
1594 803 1917 858 perficiendum

289 885 410 940 quod
425 885 620 939 juberet.
650 881 825 925 Placuit
847 879 1040 923 Divinae
1063 878 1303 933 Majestati,
1331 879 1428 934 ejus
1450 893 1521 921 me
1545 879 1637 921 voti
1665 886 1916 935 compotem

289 961 451 1003 facere.
482 961 620 1003 Plane
643 958 861 1014 siquidem
885 957 930 999 in
954 956 1103 998 animo
1127 970 1227 999 meo
1251 955 1416 1008 sentio,
1448 963 1494 999 et
1525 956 1703 1011 penitus
1730 964 1917 1012 persua—

290 1052 366 1080 sus
389 1052 505 1088 sum,
539 1035 750 1091 expedire
778 1035 834 1077 ad
862 1034 948 1077 Dei
977 1032 1245 1088 obsequium
1277 1048 1350 1076 me
1378 1033 1423 1075 in
1446 1033 1684 1090 Japoniam
1713 1033 1910 1077 tendere.

289 1116 411 1170 Ergo
434 1113 567 1156 alacri
589 1112 750 1168 vigens
772 1110 953 1164 fiducia,
979 1125 1129 1153 moras
1146 1110 1306 1165 abrupi
1328 1125 1485 1154 omnes
1502 1125 1557 1153 ex
1573 1110 1698 1154 India
1714 1110 1913 1163 solvens;

289 1197 339 1233 ut
355 1191 447 1245 jam
470 1190 590 1232 haud
612 1188 747 1230 dubie
775 1194 1029 1238 vocantem,
1062 1186 1322 1241 crebrisque
1350 1201 1403 1229 ac
1432 1187 1774 1230 vehementibus
1802 1187 1914 1229 inci-

289 1274 456 1310 tantem
480 1267 536 1308 ad
558 1265 677 1307 istud
699 1264 783 1308 iter
805 1263 1073 1319 impulsibus
1095 1265 1243 1307 Deum
1266 1277 1494 1318 sequerer.

378 1355 418 1385 2.
485 1344 549 1384 Eo
572 1356 707 1384 cursu
730 1343 853 1383 hunc
875 1341 1075 1384 Malacae
1099 1342 1287 1383 Portum
1311 1340 1539 1383 tenuimus
1560 1341 1650 1382 duo
1675 1339 1798 1384 Socii
1819 1355 1915 1384 me-

270 1425 408 1472 'cum,
435 1427 478 1463 et
508 1426 597 1461 tres
628 1420 825 1475 Japones
862 1417 1106 1460 Christiani
1145 1424 1365 1470 recentes,
1406 1418 1485 1460 sed
1521 1418 1652 1461 valde
1690 1417 1813 1469 boni,
1839 1416 1913 1472 qui

283 1504 384 1553 post
406 1498 537 1552 plene
559 1502 769 1551 percepta
784 1496 893 1552 Jesu
917 1494 1085 1537 Christi
1107 1493 1291 1537 Domini
1309 1493 1463 1537 Nostri
1479 1493 1600 1537 vitae
1618 1507 1670 1536 ac
1686 1493 1916 1538 doctrinae

287 1573 500 1629 mysteria
522 1579 566 1616 et
589 1573 818 1628 dogmata,
851 1572 979 1614 Goae
1009 1571 1054 1613 in
1082 1570 1289 1627 Collegio
1319 1572 1514 1615 Sanctae
1544 1570 1671 1614 Fidei
1702 1569 1914 1626 baptizati

287 1657 394 1692 sunt
416 1651 447 1692 ².
476 1651 647 1693 Omnes
668 1649 822 1705 legere
844 1662 968 1691 more
997 1654 1166 1699 nostro,
1199 1661 1251 1690 ac
1280 1647 1477 1692 scribere
1505 1647 1774 1699 didicerunt,
1801 1646 1914 1689 reci-

286 1733 474 1781 tantque
496 1725 835 1796 Picclesiasticas
859 1727 1040 1782 Preces,
1067 1739 1119 1767 ac
1141 1724 1270 1767 statis
1298 1724 1420 1767 horis
1448 1724 1600 1767 divina
1620 1723 1906 1768 meditantur.

284 1805 436 1846 Movet
457 1803 558 1845 illos
580 1809 715 1858 atque
737 1802 874 1844 afficit
894 1801 1137 1858 praecipue
1164 1801 1464 1844 consideratio
1486 1802 1691 1844 laborum
1713 1807 1758 1843 et
1786 1801 1912 1843 dolo-

284 1894 382 1922 rum
407 1879 590 1931 Christi,
622 1879 873 1934 Crucisque
904 1893 955 1922 ac
984 1878 1142 1921 mortis
1172 1879 1269 1934 ejus
1301 1879 1567 1934 recordatio,
1603 1878 1650 1920 in
1674 1893 1762 1933 qua
1779 1891 1911 1933 saepe

282 1956 459 2012 magnis
481 1956 731 1998 animorum
753 1955 960 1998 sensibus
983 1962 1027 1998 et
1050 1955 1216 1999 teneris
1233 1955 1472 1999 affectibus
1487 1950 1741 1998 versantur.
1769 1953 1911 1997 Medi-

283 2033 526 2075 tationibus
548 2032 753 2075 asceticis
778 2032 924 2075 Patris
948 2031 1112 2088 Ignatii
1135 2038 1332 2076 mentem
1350 2033 1648 2075 excoluerunt
1665 2031 1912 2075 attentione

280 2123 469 2161 summa,
494 2108 720 2163 mirosque
742 2108 847 2152 inde
870 2109 1044 2151 fructus
1068 2115 1354 2164 reportarunt
1377 2107 1577 2151 clarioris
1599 2107 1685 2151 Dei
1708 2107 1908 2150 notitiae:

1998 1472 2004 1479 '
2006 1423 2016 1450 ,‚
2001 1210 2018 1393 ’ΜΦ-,παν
2007 1127 2015 1166 Α·

281 2274 340 2307 las
358 2275 538 2309 omnibus
552 2275 757 2321 Epistolis,
776 2275 845 2310 hoc
854 2275 984 2320 sunio
1008 2286 1139 2309 mense
1165 2274 1326 2310 Malaca
1349 2275 1496 2316 missis,
1522 2275 1623 2309 alios
1647 2274 1809 2309 omnino
1831 2273 1914 2308 dies

281 2332 329 2366 ab
345 2333 461 2367 editis
479 2334 588 2380 apud
609 2334 897 2375 Tursellinum,
915 2334 1205 2379 Possinumque
1220 2334 1339 2380 (quas
1354 2336 1490 2380 nempe
1504 2333 1671 2378 viderit)
1685 2332 1912 2379 adscripsit.-

282 2393 318 2425 εἰ
336 2402 449 2436 quem
467 2392 508 2426 Izi
536 2392 642 2427 diem
662 2401 709 2427 20
719 2392 848 2437 sum,
874 2391 1020 2427 festum
1039 2392 1221 2439 Corporis
1246 2392 1406 2436 Christi,
1434 2392 1674 2432 describunt,
1699 2392 1803 2426 hunc
1825 2390 1906 2426 ille.

280 2450 399 2484 tacito
410 2449 529 2495 festO,
550 2451 593 2484 in
611 2451 713 2485 alios
730 2451 973 2486 antevertit>
989 2450 1090 2485 Cum
1115 2463 1208 2486 vero
1232 2452 1315 2497 ipse
1339 2452 1454 2498 epist.
1488 2459 1531 2485 10
1554 2449 1742 2485 Societati
1771 2449 1906 2492 Goam,

281 2519 414 2553 quam,
435 2509 493 2542 ait
510 2509 573 2543 die
592 2519 613 2543 2
624 2509 725 2554 Jun.
757 2510 910 2551 datam,
929 2510 1030 2556 festi
1057 2510 1246 2556 Corporis
1267 2510 1419 2546 Christi
1441 2510 1684 2551 meminerit,
1710 2509 1780 2555 qui
1803 2518 1910 2544 armo

281 2566 351 2600 illo
361 2566 451 2612 fuit
468 2568 550 2602 dies
560 2567 591 2612 J
595 2569 683 2602 unii
700 2569 936 2615 vigesimus,
956 2570 1221 2616 manifestum
1239 2572 1308 2609 est,
1327 2569 1413 2615 ejus
1426 2569 1677 2616 apographa,
1693 2568 1810 2613 siqua
1819 2566 1910 2614 fue-

281 2636 338 2666 re,
356 2626 523 2660 hocloco
541 2628 728 2661 mendosa
739 2627 885 2673 fuisse.
905 2629 1045 2674 Itaque
1069 2629 1266 2664 veteribus
1292 2629 1460 2663 illorum
1484 2627 1723 2662 editionibus
1745 2624 1908 2660 subscri·
1934 2642 1936 2645 ·
1983 2646 1986 2651 -

284 2683 369 2718 bere
383 2684 586 2729 placuit.»
1836 2727 1838 2729 Ι

354 2745 367 2763 2
419 2743 584 2777 «Estava
607 2755 668 2777 em
693 2744 854 2779 Cochim
879 2757 900 2779 a
925 2757 1012 2789 na0,
1038 2757 1099 2780 em
1118 2757 1194 2792 que
1218 2745 1333 2780 havia
1359 2745 1407 2780 de
1433 2756 1567 2792 passar
1596 2756 1618 2779 a
1647 2744 1794 2779 Malaca
1821 2751 1911 2788 para

281 2799 374 2835 dalli
391 2812 560 2846 navegar
578 2813 624 2836 ao
642 2803 762 2848 Japao
782 2814 803 2837 e
822 2804 1036 2838 mettendo-
1048 2816 1090 2839 se
1110 2817 1171 2839 em
1188 2816 1277 2839 uma
1294 2804 1412 2840 fusta.
1424 2832 1431 2839 .
1448 2832 1476 2849 .‚
1492 2815 1579 2839 com
1593 2815 1615 2838 0
1629 2802 1753 2838 Padre
1771 2801 1921 2839 Cosme,

282 2858 330 2893 de
347 2859 502 2904 Torres,
522 2871 607 2894 com
626 2871 648 2894 0
672 2860 790 2895 ἰτιτιεῖο
815 2862 909 2906 ]οΞ0
934 2863 1171 2908 Fernandes,
1196 2875 1283 2898 corn
1307 2864 1427 2899 Paulo
1452 2863 1501 2898 de
1526 2863 1668 2898 Sancta
1693 2862 1747 2897 Fe
1777 2872 1799 2895 e
1824 2869 1919 2895 com-

281 2918 376 2963 Joao
395 2929 416 2952 e
436 2917 605 2953 Antonio
624 2930 714 2953 seus
731 2919 906 2965 creados,
926 2920 1052 2966 partin
1069 2933 1160 2968 para
1178 2922 1340 2958 Cochim
1366 2934 1388 2957 e
1406 2921 1636 2957 detentio-se
1654 2919 1743 2967 aqui
1765 2927 1907 2966 poucos

280 2976 362 3011 dias
375 2987 555 3021 navegon
569 2988 657 3023 para
673 2978 833 3024 Malaca,
847 2979 970 3013 aonde
985 2980 1135 3025 chegou
1150 2992 1199 3015 no
1214 2981 1351 3016 ultimo
1364 2981 1413 3016 de
1428 2980 1529 3015 Maio
1542 2980 1591 3015 de
1608 2977 1904 3024 15A0.»SOUZA,

285 3035 449 3070 Oriente
467 3046 600 3081 conq.,
623 3037 682 3071 1.¹²
699 3041 822 3083 part.,
841 3048 954 3084 conq.
974 3039 1043 3084 IV,
1062 3038 1141 3074 div.
1161 3039 1194 3085 Ι,
1213 3052 1255 3076 n.
1285 3050 1340 3076 10.
