2018 3510
315 253 384 289 450
812 223 1085 275 MONUMENTA
1118 236 1370 270 XAVERTANA
1418 236 1420 239 “

1050 441 1133 481 63

624 553 853 611 JOANNI
882 551 954 602 ΙΙΙ,
996 548 1371 593 LUSITANIAE
1408 546 1552 589 REGI

757 663 928 707 Cocino
952 674 1007 704 20
1024 659 1227 718 Januarii
1262 659 1370 713 1548
1398 660 1425 701 ¹.

280 779 551 815 Conscientiae
564 777 740 812 stimulis
754 776 807 810 ad
819 776 890 810 has
909 775 1065 809 litteras
1079 772 1377 807 conscribendas
1394 782 1432 805 se
1447 771 1563 817 adigi
1573 768 1914 828 faidum-Cau-

347 850 411 874 sas
428 850 500 873 cur
519 838 665 872 lentius
683 847 804 881 quam
819 837 900 881 par
922 833 1035 880 foret
1065 831 1259 867 catholica
1277 830 1424 877 religio
1454 830 1498 864 in
1528 829 1649 863 India
1679 829 1915 876 divulgetur

349 898 524 944 exponit,
543 896 744 931 invidiam
758 894 905 928 scilicet
919 895 955 927 et
973 891 1264 927 aemulationes
1280 890 1441 934 aliaque
1451 888 1771 935 gubernatorum
1782 890 1917 934 prava

350 956 548 1002 exempla.
564 953 850 988 —Remedium
872 951 1065 998 proponit
1096 950 1322 997 Regemque
1352 949 1405 983 ad
1421 947 1723 995 praefectorum
1745 947 1918 994 flagitia
1959 1001 1963 1004 q

347 1016 558 1062 punienda
576 1014 835 1048 adhortatur.

377 1201 412 1231 Ι.
478 1189 572 1230 Das
589 1199 753 1228 couzas
775 1182 1041 1239 espirituaes
1063 1197 1088 1225 e
1109 1181 1167 1223 do
1185 1179 1359 1235 servico
1376 1180 1432 1223 de
1449 1181 1571 1223 Deos
1588 1194 1723 1223 nosso
1740 1180 1915 1224 Senhor

284 1266 364 1308 das
381 1271 530 1321 partes
552 1263 609 1306 de
632 1262 803 1304 Malaca
825 1276 850 1304 e
874 1259 1071 1313 Maluco,
1097 1258 1237 1314 pellas
1259 1265 1406 1300 cartas
1429 1271 1517 1312 que
1545 1271 1732 1300 escreuo
1760 1271 1838 1299 aos
1860 1257 1917 1299 da

286 1339 567 1396 Companhia
594 1342 694 1382 sera
722 1336 974 1380 informado
1004 1336 1061 1378 V.
1089 1335 1147 1377 A.
1181 1333 1323 1376 muito
1351 1333 1673 1388 miudamente,
1699 1347 1748 1376 as
1779 1347 1918 1389 quaes

286 1419 483 1460 tambem
506 1420 583 1458 sao
605 1416 661 1457 de
678 1420 905 1469 respostas
927 1427 1034 1468 pera
1056 1413 1113 1455 V.
1141 1412 1220 1463 A.,
1246 1425 1416 1466 porque
1438 1411 1496 1453 he
1518 1412 1575 1454 V.
1608 1411 1666 1453 A.
1699 1424 1726 1453 o
1753 1409 1921 1466 princi-

287 1495 360 1550 pal
382 1509 407 1537 e
430 1491 692 1536 verdadeiro
711 1495 939 1546 protector
955 1489 1013 1533 de
1035 1489 1140 1531 toda
1163 1503 1189 1530 a
1217 1486 1499 1543 Companhia
1527 1487 1583 1529 (16
1606 1489 1741 1545 Jesus
1764 1486 1829 1530 asi
1852 1502 1924 1531 em

290 1585 414 1613 amor
437 1584 566 1612 como
591 1584 661 1612 em
691 1568 839 1610 obras.
873 1567 967 1609 Das
999 1579 1166 1608 couzas
1194 1563 1472 1620 esperituaes
1510 1565 1567 1607 da
1603 1563 1923 1608 christandade

289 1647 346 1689 da
368 1646 493 1689 India
515 1660 565 1688 os
587 1651 741 1687 santos
765 1643 935 1686 Padres
957 1643 1014 1685 da
1037 1641 1234 1685 Piedade
1252 1641 1284 1693 ²,
1317 1655 1405 1696 que
1435 1641 1478 1683 la
1505 1645 1605 1693 vao,
1639 1640 1845 1684 mouidos
1866 1641 1924 1685 da

290 1722 496 1779 piedade,
524 1723 641 1764 lh'as
663 1721 800 1763 darao
823 1735 849 1762 a
871 1721 928 1763 V.
952 1720 1011 1762 A.

358 1917 368 1936 ¹
420 1917 478 1951 Ex
497 1915 732 1962 apographo,
752 1913 856 1961 quod
869 1924 892 1959 4
910 1913 1013 1949 foliis
1031 1918 1197 1958 constat,
1218 1912 1354 1948 ultimo
1369 1911 1505 1947 nitido:
1527 1918 1704 1948 servatur
1719 1913 1758 1948 in
1772 1914 1922 1950 codice.

287 1976 350 2011 cui
369 1976 504 2011 titulus
520 1981 592 2010 est:
614 1974 872 2009 Miscellanea
885 1973 1055 2020 politica
1073 1974 1120 2008 de
1136 1973 1340 2020 Portugal
1358 1984 1377 2007 e
1395 1973 1441 2007 de
1460 1973 1691 2019 Hespanha‚
1707 1973 1924 2018 1581-1702,

292 2041 318 2070 t.
340 2036 391 2080 ΙΙ,
412 2035 456 2069 ff.
481 2033 650 2076 383-3863
668 2033 707 2068 in
726 2032 1029 2079 Ulyssiponensi
1046 2031 1285 2067 bibliotheca
1299 2030 1408 2076 regia
1428 2036 1467 2066 et
1499 2031 1651 2078 privata
1674 2032 1808 2079 palatii
1833 2032 1929 2069 dicti

291 2095 344 2128 da
369 2092 681 2139 Ajuda.—Vide
697 2092 881 2138 Possm„
899 2090 972 2126 lib.
997 2091 1067 2137 IV,
1087 2103 1148 2137 ep.
1166 2100 1186 2125 2
1205 2092 1265 2134 (20
1283 2090 1457 2136 Januarii
1479 2090 1597 2135 1548):
1625 2091 1811 2136 CUTILL.,
1827 2103 1928 2128 anno

295 2161 399 2197 1547,
421 2165 481 2198 ep.
506 2161 519 2186 1
538 2151 599 2195 (16
619 2150 793 2197 Januarii
814 2153 933 2195 1547):
955 2151 1142 2194 MENCH.‚
1165 2149 1237 2185 lib.
1257 2150 1309 2194 ΙΙ,
1335 2161 1396 2196 ep.
1420 2150 1479 2185 18.
1506 2151 1583 2186 «Ut
1609 2162 1745 2185 verum
1764 2150 1929 2187 Cutillas

291 2210 394 2245 diem
414 2210 586 2255 Januarii
600 2209 745 2244 mensis
764 2209 950 2255 posuerit,
969 2214 1075 2244 certe
1091 2220 1231 2243 annum
1259 2220 1280 2243 a
1298 2209 1462 2244 Possino
1481 2221 1709 2256 expressum
1727 2221 1929 2256 perperam

293 2270 471 2304 mutavit.
490 2269 646 2304 Etenim
665 2269 857 2303 Xaverius
876 2268 959 2315 ipse
979 2268 1143 2314 epistola
1160 2277 1200 2303 21
1221 2267 1407 2304 Societati
1430 2269 1592 2303 Romam
1618 2269 1765 2305 Cocino
1790 2269 1883 2305 miss
1893 2281 1928 2314 6,

294 2328 499 2363 manifeste
517 2328 646 2374 docet,
666 2340 707 2363 se
726 2328 873 2363 Malaca
890 2328 930 2362 in
951 2328 1147 2363 Molucum
1170 2339 1271 2362 anno
1294 2327 1398 2373 1546,
1423 2327 1655 2374 profectum,
1682 2328 1820 2364 eodem
1838 2334 1929 2364 ante

295 2387 442 2434 Julium
474 2395 563 2431 1547
593 2398 669 2422 non
699 2387 925 2423 revertisse.
955 2387 1132 2434 Cumque
1159 2388 1198 2423 in
1235 2387 1371 2422 eadem
1402 2388 1548 2422 Malaca
1578 2399 1734 2423 menses
1764 2394 1928 2435 quatuor

294 2445 549 2488 substitisset,
571 2445 757 2481 Cocinum
771 2445 835 2481 die
854 2447 941 2492 Jan.
965 2445 1007 2481 13
1025 2446 1301 2493 consequentis
1322 2445 1413 2481 anni
1436 2447 1631 2493 pervenit,
1662 2451 1765 2482 teste
1790 2447 1928 2483 eodem

295 2504 334 2540 in
351 2505 422 2539 hae
441 2516 501 2550 ep.
533 2503 593 2538 18.
623 2504 749 2550 Hujus
779 2504 898 2550 igitur
928 2505 1190 2551 Chronologia
1221 2505 1405 2541 mendosa
1436 2511 1496 2541 est
1526 2506 1628 2552 apud
1646 2505 1887 2551 Cutillatem,
1907 2511 1934 2542 a'

295 2574 370 2610 quo
389 2562 506 2597 etiam
525 2561 564 2597 in
583 2563 770 2609 epistolae
789 2569 977 2600 contextu
995 2566 1181 2600 nonnulla
1211 2564 1456 2611 omittuntur,
1476 2576 1575 2612 quae
1595 2565 1783 2601 Possinus
1799 2565 1931 2601 edide-

296 2627 393 2656 rat.»
413 2622 599 2665 MENCH.,
623 2621 827 2664 Chronot„
849 2627 879 2658 t.
904 2623 937 2669 Ι,
956 2635 1049 2670 pag.
1073 2624 1219 2660 CVIII.

369 2681 480 2726 Quae
499 2680 600 2725 apud
618 2680 867 2716 Menchacam
883 2687 1032 2729 extant,
1051 2695 1121 2717 nn.
1145 2681 1221 2728 6-9,
1245 2682 1339 2718 nihil
1364 2682 1469 2718 aliud
1491 2694 1578 2718 esse
1609 2683 1792 2719 videntur
1816 2695 1935 2731 quam

300 2738 529 2785 paragraphi
546 2739 568 2772 6
587 2744 742 2774 nostrae
762 2740 950 2786 epistolae
965 2741 1213 2788 amplificatio
1224 2770 1231 2777 .

367 2797 382 2816 ¹
431 2797 505 2832 Hic
535 2796 718 2832 videntur
748 2798 999 2844 subindicari,
1031 2812 1108 2835 non
1138 2800 1372 2848 quicumque
1397 2802 1462 2848 pii
1485 2813 1532 2837 ac
1558 2802 1755 2850 Religiosi
1772 2804 1866 2847 viri,
1889 2807 1932 2838 ut

296 2857 349 2892 ait
366 2855 595 2891 Possiniana
613 2855 756 2901 versio,
776 2856 846 2891 sed
863 2858 937 2892 viri
955 2858 1118 2905 alicujus
1142 2859 1316 2905 religiosi
1339 2859 1522 2907 instituti,
1545 2862 1598 2896 da
1618 2862 1795 2897 Piedade
1819 2861 1928 2908 dicti,

295 2920 523 2958 sectatores,
543 2914 646 2961 quod
670 2914 826 2961 quidem
854 2917 998 2962 optime
1028 2918 1212 2953 convenit
1237 2919 1431 2965 religiosis
1462 2919 1607 2955 ordinis
1639 2920 1679 2955 S.
1712 2921 1925 2967 Francisci,

296 2973 362 3022 qui
378 2973 418 3009 in
436 2973 545 3009 India
562 2974 831 3018 versabantur,
856 2975 998 3022 quique
1024 2987 1158 3011 omnes
1184 2978 1246 3012 vel
1268 2978 1436 3014 maxima
1460 2990 1594 3014 eorum
1610 2990 1696 3025 pars
1726 2979 1933 3016 adLusita-

297 3045 385 3068 nam
399 3032 656 3076 Provinciam,
675 3033 729 3067 da
747 3033 924 3070 Piedade
950 3034 1108 3082 dictam,
1127 3036 1390 3081 pertinebant.
