2018 3510
648 220 785 255 EPIST.
814 220 950 265 52.-8
976 221 1075 264 MAJ1
1104 230 1192 266 1545
1617 228 1684 273 385

110 332 280 375 porque
318 320 373 362 de
415 326 514 362 otro
536 319 660 376 geito
686 320 715 341 ¹²
756 326 842 364 nao
864 323 1032 365 habera
1070 329 1203 378 topaz
1225 337 1314 378 que
1343 340 1392 368 os
1421 330 1629 372 entenda.
1664 332 1733 375 De

109 397 320 451 Malaqua
347 410 429 439 vos
469 410 518 440 es
555 398 821 453 escreberey
850 398 993 441 muito
1030 400 1173 455 largo,
1215 401 1472 445 dando-vos
1501 412 1634 448 conta
1655 408 1737 450 dos

110 472 330 515 christaos
368 487 457 528 que
495 486 543 515 se
581 473 793 526 fezerom,
829 489 854 518 e
876 475 933 517 da
969 475 1250 531 dispositiom
1289 492 1378 533 que
1405 480 1464 521 ha
1486 495 1592 535 pera
1618 482 1735 525 faze-

111 564 306 602 ren—sse,
340 564 448 606 pera
472 564 561 605 que
592 551 649 593 de
677 551 720 593 la
748 552 973 607 probejais
1010 553 1067 595 de
1104 567 1287 609 pessoas
1315 569 1404 610 que
1433 566 1737 602 acrescentem

110 640 244 670 nossa
270 633 427 669 sancta
450 628 535 680 fee3
561 626 660 683 pois
681 642 757 671 esa
779 642 907 672 cassa
928 644 976 672 se
999 632 1158 673 chama
1180 631 1348 674 Sancta
1365 633 1400 674 F
1404 646 1473 685 ee,
1505 635 1561 675 he
1583 649 1738 678 neces-

110 702 228 745 sario
249 717 337 758 que
366 718 416 746 as
444 705 577 747 obras
608 706 942 761 correspondan
963 708 1050 750 hao
1076 721 1224 750 nome.
1258 710 1348 750 Por
1376 710 1461 751 hos
1490 717 1740 765 patamares

110 794 198 834 que
221 779 418 835 partiran
442 795 524 836 por
539 780 663 838 Julio
685 796 766 824 vos
788 782 1002 826 escribire
1018 783 1131 826 mais
1153 785 1297 840 largo.
1323 786 1448 828 Noso
1466 786 1643 830 Senhor
1660 802 1741 830 nos

104 856 263 912 juncte
300 862 371 900 em
408 872 491 900 sua
525 865 681 901 sancta
716 858 879 915 gloria,
920 874 1092 915 porque
1129 875 1186 903 en
1223 868 1320 904 esta
1359 877 1462 905 nam
1500 877 1548 906 56
1586 863 1622 906 si
1660 879 1742 907 nos

109 948 330 977 veremos.

198 1012 268 1054 De
291 1012 404 1055 Sant
422 1013 595 1055 Thome
618 1027 643 1055 a
661 1014 763 1056 VIII
785 1014 841 1057 de
865 1013 1001 1066 Maio,
1028 1029 1146 1057 anno
1175 1026 1300 1070 1545.

654 1091 803 1133 Vester
825 1092 1048 1134 minimus
1062 1093 1238 1149 frater,

1082 1170 1385 1214 FRANCISCUS
1424 1171 1471 1215 ¹³.

200 1241 457 1297 Inscriptio.
485 1242 514 1300 †
551 1243 643 1287 Alli
680 1244 930 1287 charissimi
968 1245 1056 1289 mei
1093 1245 1141 1288 in
1174 1246 1358 1290 Christo
1394 1247 1540 1291 frateli
1574 1250 1742 1292 Mestre

111 1316 293 1374 Dioguo
310 1332 336 1362 e
358 1319 499 1362 Micer
522 1321 681 1373 Paulo,
708 1336 763 1364 en
787 1322 903 1374 Goa,
928 1322 1015 1366 mei
1039 1323 1349 1367 amantissimi.

197 1395 305 1438 Alia
326 1410 484 1439 manu.
510 1398 580 1440 De
618 1399 680 1441 M.
705 1398 742 1440 F
745 1397 948 1442 rancisco
981 1401 1125 1443 hecha
1162 1415 1219 1444 en
1256 1402 1350 1445 S.t0
1379 1402 1554 1444 Thome
1582 1412 1608 1445 a
1637 1403 1661 1444 8
1686 1403 1743 1447 de

111 1473 245 1527 Mayo
273 1482 399 1527 1545.

196 1549 319 1591 Alia.
344 1550 465 1592 Inter
502 1550 714 1606 epistolas
751 1551 914 1595 latinas
952 1553 1210 1607 Tursellini,
1252 1555 1329 1598 lib.
1371 1557 1404 1608 Ι,
1446 1571 1519 1613 ep.
1564 1569 1630 1600 12.
1666 1614 1667 1617 Ἰ

111 1626 230 1668 ΧΙΙΙ.
255 1638 299 1680 4.
325 1637 398 1683 97.

198 1702 320 1745 Alia.
346 1705 417 1747 De
433 1703 697 1749 inuentione
725 1706 922 1762 sepulcri
951 1707 998 1751 S.
1032 1709 1234 1752 Thomae
1262 1710 1486 1765 Apostoli,
1513 1717 1559 1755 et
1581 1710 1742 1765 aliqui-

111 1780 196 1823 bus
217 1779 316 1835 ejus
337 1780 564 1825 miraculis
581 1789 627 1826 et
648 1783 879 1839 martyrio.
1764 1784 1767 1785 ⁷

200 1857 257 1899 In
289 1859 422 1900 tertia
451 1860 648 1916 pagina,
686 1874 829 1903 manu
865 1861 913 1903 S.
954 1863 1134 1918 Ignatii
1170 1864 1238 1904 vel
1274 1865 1315 1905 ei
1346 1864 1599 1907 simillima.
1633 1866 1740 1907 Esta

111 1933 274 1977 mando
295 1941 490 1978 maestro
510 1936 547 1979 F
549 1936 753 1980 rancisco
775 1941 800 1980 a
822 1938 890 1980 los
911 1939 1152 1982 hermanos
1174 1953 1263 1996 que
1284 1944 1413 1984 estan
1441 1955 1498 1984 en
1520 1941 1562 1985 el
1590 1941 1743 1985 Colle—

113 2008 189 2066 gio
205 2011 263 2053 de
284 2011 352 2054 las
373 2011 540 2055 Indias.

173 2154 201 2174 ¹²
251 2152 299 2188 de
319 2159 403 2189 otro
417 2153 516 2200 jeto,
535 2167 611 2192 ms,

173 2212 202 2233 ¹³
252 2212 296 2248 In
327 2212 507 2259 originali
537 2214 721 2261 epistola,
747 2220 897 2252 tantum
922 2217 1158 2264 subscriptio
1185 2223 1224 2253 et
1254 2218 1456 2266 inscriptio
1491 2225 1601 2255 erant
1629 2232 1745 2255 manu

114 2268 158 2304 S.
182 2270 379 2306 Francisei
396 2277 595 2309 exaratae.
620 2273 735 2309 Nunc
758 2285 851 2310 vero
874 2275 1117 2311 solummodo
1136 2275 1338 2324 inscriptio
1364 2283 1508 2323 manet,
1540 2289 1631 2314 nam
1656 2280 1746 2314 sub-

114 2327 270 2375 scriptio
287 2330 440 2366 abscisa
457 2336 531 2373 est,
552 2337 593 2367 et
609 2332 694 2379 ejus
712 2333 796 2368 loco
814 2333 940 2380 ipsum
955 2333 1000 2370 S.
1021 2335 1218 2370 Francisei
1231 2347 1373 2372 nomen
1391 2337 1599 2384 seriptum.

303 3091 442 3121 Momm.
464 3093 558 3123 XAv.
1529 3095 1563 3122 27
