2049 3360
798 167 1017 202 APPEme
1045 166 1066 201 3
1619 163 1690 211 963

289 267 407 302 terios
425 267 473 302 da
492 267 568 302 fe».
589 268 780 312 LUCENA‚
797 269 863 303 Da
883 269 978 303 vida
997 270 1046 303 do
1063 269 1111 304 P.
1130 269 1168 304 S.
1187 269 1333 305 Franc.
1350 270 1397 304 de
1412 269 1579 308 Xavier‚
1602 267 1669 302 lib.
1686 267 1738 310 11,

291 339 380 374 cap.
406 328 501 362 1111.

99 385 190 423 58.
249 386 520 432 «Chegava-se
547 398 568 421 ο
596 392 726 433 tempo
753 387 801 422 de
834 386 979 422 Xavier
1009 388 1133 422 voltar
1160 399 1251 434 para
1278 388 1439 432 Malaca,
1471 398 1492 422 e
1525 398 1616 433 para
1648 385 1742 421 ficar

294 451 476 492 presente
495 457 582 480 corn
600 457 622 480 0
642 445 801 492 espirito
821 457 881 480 em
900 446 1066 491 Moluc0‚
1086 457 1248 493 compoz
1266 458 1315 482 na
1333 446 1465 492 lingua
1484 446 1636 491 Malaya
1654 455 1743 479 uma

297 507 402 551 larga
427 517 447 540 e
472 505 629 551 copiosa
654 505 871 551 instruccao
895 505 963 540 das
987 516 1124 540 cousas
1151 506 1246 541 mais
1272 505 1512 541 necessarias
1537 516 1559 539 a
1583 517 1647 539 um
1672 504 1744 540 Ca-

297 565 441 600 tholico
460 576 551 611 para
570 566 683 600 saber
702 566 791 600 bern
810 576 895 600 crer
913 576 934 599 e
953 566 1042 599 bem
1068 566 1195 609 obrar,
1215 577 1237 599 a
1254 565 1343 612 qual
1368 569 1557 609 entregou
1582 573 1628 597 ao
1644 571 1745 609 povo

298 625 347 660 de
366 625 534 659 Ternate
553 636 664 659 como
684 636 745 659 em
765 624 930 670 prendas
949 625 997 659 de
1017 636 1086 659 seu
1105 636 1226 670 amor,
1251 636 1342 671 para
1366 635 1441 671 que
1460 635 1502 658 se
1521 622 1746 669 divulgasse

297 695 366 730 por
385 683 495 719 todas
517 695 558 718 as
577 684 680 718 Ilhas
698 683 747 718 do
768 683 1042 729 Archipelago.
1064 683 1330 730 Copiaram-se
1350 684 1439 726 logo
1458 679 1748 717 innumeraveis

297 742 503 787 treslados,
525 755 601 789 que
625 755 711 778 corn
739 742 900 778 incrivel
921 742 1046 777 fructo
1072 743 1236 778 corriam
1260 743 1368 789 pelas
1392 744 1498 777 maos
1522 741 1571 776 de
1596 740 1708 776 todos
1726 750 1749 775 e

298 802 413 837 ainda
431 802 567 849 depois
591 802 639 837 da
666 814 735 838 sua
759 808 882 838 morte
908 813 950 838 se
976 802 1065 836 liam
1092 802 1382 849 publicamente
1407 812 1476 837 nas
1501 799 1654 846 egrejas
1679 809 1749 834 nos

299 861 382 897 dias
400 861 448 897 de
467 861 582 905 festa,
602 874 623 896 6
642 873 684 896 os
704 861 880 897 meninos
899 861 1132 896 decoravam
1151 862 1295 897 muitos
1309 861 1501 908 capitulos
1521 871 1542 895 e
1560 871 1602 895 os
1620 864 1752 896 canta-

302 933 390 956 vam
409 920 457 956 (16
476 920 539 956 dia
558 933 579 956 6
598 921 646 956 (16
666 920 772 956 noite
788 932 856 967 por
871 920 960 955 toda
979 933 1000 955 a
1019 927 1143 966 parte,
1227 920 1439 968 Supponho
1457 931 1533 966 que
1548 924 1633 955 esta
1650 928 1753 953 com·

302 981 457 1027 posicao
470 980 586 1016 devia
601 993 663 1015 ser
678 992 739 1015 em
755 992 881 1025 verso,
896 980 1072 1026 segundo
1087 992 1109 1015 0
1124 981 1252 1027 estylo
1266 979 1378 1015 deste
1392 978 1597 1017 Oriente.»
1609 977 1753 1014 Orien-

306 1043 341 1076 te
360 1052 485 1086 conq„
511 1049 524 1075 Ι
538 1041 569 1075 .¹¹
588 1046 703 1087 part.‚
719 1051 836 1086 conq.
860 1040 932 1084 111,
952 1039 1031 1074 div.
1053 1040 1084 1083 Ι,
1103 1052 1146 1074 n.
1170 1038 1229 1074 36.

108 1100 201 1139 59,
255 1100 320 1135 «S.
340 1099 533 1134 Xaverius
552 1099 692 1134 librum
712 1099 758 1134 ad
778 1098 1041 1134 informandos
1057 1100 1227 1146 Japones
1242 1098 1509 1144 Cangoximae
1527 1107 1755 1143 composue-

307 1164 379 1194 rat:
401 1159 467 1194 ubi
486 1158 588 1194 inter
605 1165 735 1194 cetera
754 1158 900 1194 Christi
925 1157 1045 1193 vitam
1068 1165 1107 1194 et
1127 1163 1278 1204 septem
1297 1159 1466 1205 psalmos
1484 1156 1534 1192 de
1553 1155 1756 1203 poeniten-

307 1219 374 1264 tia,
395 1218 627 1265 litaniasque
657 1217 956 1264 descripserat.»
982 1217 1189 1261 ORLAND.,
1218 1217 1374 1253 Histor.
1404 1217 1493 1253 Soc.
1517 1216 1633 1263 Jesu,
1658 1214 1702 1252 P.
1723 1214 1756 1259 1,

307 1278 378 1314 lib.
404 1278 454 1321 X,
475 1289 518 1313 n.
546 1277 630 1313 133.

307 1338 574 1383 —«Fyzymos
593 1349 642 1372 en
660 1338 802 1382 lengua
821 1336 869 1371 de
889 1337 1015 1382 Japon
1034 1348 1086 1370 vn
1107 1337 1233 1382 lybro,
1253 1347 1329 1383 que
1356 1336 1508 1371 trataba
1526 1334 1574 1369 de
1599 1335 1635 1369 la
1652 1344 1758 1368 crea-

307 1408 407 1443 cyon
425 1396 488 1432 del
508 1396 652 1432 mundo
670 1408 696 1443 y
722 1396 770 1431 de
790 1395 901 1431 todos
926 1396 984 1430 los
1003 1395 1198 1431 misterios
1218 1395 1267 1431 de
1286 1396 1322 1430 la
1341 1395 1444 1442 vyda
1461 1394 1510 1429 de
1529 1393 1712 1440 Chryst03
1732 1404 1760 1439 y

307 1456 475 1502 despues
501 1461 585 1492 este
611 1466 760 1491 mesmo
784 1456 897 1502 lybro
922 1455 1179 1501 escrybymos
1204 1467 1253 1490 en
1279 1455 1378 1490 letra
1401 1453 1450 1489 de
1476 1455 1513 1489 la
1536 1452 1678 1488 Chma.
1696 1479 1703 1486 .
1719 1464 1757 1487 .»

309 1515 409 1550 Vide
428 1527 558 1562 supra,
577 1526 666 1562 pag.
687 1514 771 1559 674,
791 1526 829 1549 n.
851 1522 911 1549 21.
1095 1562 1098 1564 v

307 1576 417 1609 —De
436 1575 508 1610 hoc
526 1575 665 1610 eodem
684 1575 782 1609 libro
803 1572 958 1608 videtur
977 1584 1064 1608 esse
1083 1585 1211 1609 sermo
1224 1584 1354 1620 supra,
1374 1584 1462 1620 pag.
1483 1580 1562 1617 1193
1584 1576 1624 1606 et
1642 1570 1760 1606 etiam

311 1646 406 1681 pag.
429 1635 513 1680 659,
532 1647 574 1670 n.
601 1644 638 1670 2.

115 1694 219 1732 (ὅθ.
266 1695 428 1729 «Sacros
448 1694 566 1730 etiam
583 1693 784 1729 Ecclesiae
804 1692 941 1737 festos,
967 1692 1237 1740 rationemque
1262 1692 1503 1740 perfacilem,
1522 1702 1597 1738 qua
1615 1688 1764 1737 praeci-

312 1766 427 1800 puam
445 1765 640 1802 quamque
670 1752 806 1788 feriam
837 1751 877 1786 in
902 1750 959 1786 eis
989 1757 1287 1797 cognoscerent,
1316 1751 1632 1797 invenirentque,
1662 1747 1765 1796 apud

313 1824 380 1849 eos
399 1813 594 1860 reliquit»,
610 1824 751 1856 nempe
771 1811 1051 1856 Cangoximae.
1069 1810 1281 1858 ORLAND.,
1296 1815 1406 1859 oper.
1422 1811 1504 1853 cit„
1520 1809 1564 1844 P.
1580 1809 1613 1854 Ι,
1629 1807 1696 1843 lib.
1713 1807 1762 1849 X,

313 1885 353 1908 n.
385 1871 469 1908 133.

116 1930 206 1968 61.
262 1932 369 1967 «Nec
387 1932 751 1968 intermittebantur
771 1929 1006 1975 Amangucii
1025 1930 1253 1967 conciones.
1278 1931 1358 1967 Eae
1377 1934 1488 1966 erant
1506 1926 1666 1963 Xaverii
1686 1927 1767 1961 elu-

310 1993 560 2028 cubrationes
591 1989 816 2038 hispanicae
848 1989 888 2024 in
918 2001 1037 2024 unum
1068 1989 1249 2026 redactae
1287 1990 1487 2034 volumen,
1522 1992 1562 2022 et
1593 1998 1615 2021 a
1645 1986 1767 2021 Paulo

312 2057 469 2087 sanctae
505 2051 616 2087 Fidei
654 2051 692 2086 in
724 2049 955 2096 Japonicum
991 2050 1202 2085 translatae
1240 2059 1508 2085 sermonem.»
1547 2045 1768 2090 ORLAND.,

314 2114 422 2158 oper.
452 2112 535 2158 cit.‚
555 2112 598 2146 P.
619 2111 651 2154 I⁷
672 2109 740 2145 lib.
761 2108 868 2153 XIV,
889 2119 931 2143 n.
961 2116 1039 2153 154.
