2049 3360
389 189 458 235 706
881 187 1154 225 MONUMENTA
1180 188 1430 224 XAVERIANA

1096 396 1211 436 ¹⁰5

514 502 564 543 P.
599 499 1007 543 GUNDISALVO
1041 498 1413 551 RODRIGUES,
1449 498 1782 541 ARMUZIAM

852 600 953 643 Goa
985 611 1039 642 22
1073 598 1220 641 Martii
1260 609 1368 652 1552
1408 600 1433 642 ¹.

335 708 441 743 Eum
453 711 621 755 propter
639 708 830 753 quosdam
854 706 1030 753 defectus
1049 706 1410 752 objurgat.—-Petit
1435 708 1478 740 ut
1508 706 1582 740 sibi
1610 706 1755 741 scribat
1777 705 1958 753 fructus,
2032 744 2035 748 ,

405 779 500 813 quos
517 768 600 802 suis
619 766 833 807 laboribus,
853 777 921 800 seu
936 766 1071 812 potius
1090 765 1168 800 Dei
1181 765 1325 812 gratia
1343 768 1594 810 assequatur,
1615 777 1785 811 quosque
1794 769 1963 813 propter
2009 750 2018 795 i*
2048 758 2049 761 ¹

400 828 590 874 proprios
607 826 783 873 defectus
801 825 1130 872 impediat.-—De
1148 825 1402 859 observantia
1419 825 1460 859 in
1491 825 1694 859 Vicarium
1718 825 1912 868 habenda,
1937 837 1963 861 a
2008 848 2013 861 ,ι
2039 814 2046 867 ,Ῐ

405 897 481 931 quo
494 886 801 932 permissionem
820 884 994 919 obtinere
1012 884 1120 919 debet
1138 884 1191 917 ad
1208 895 1325 918 sacra
1344 895 1381 918 m
1389 883 1574 918 inisteria
1592 884 1788 928 obeunda‚·
1804 885 1848 919 in
1862 884 1963 920 alios
2010 928 2014 931 .
2035 890 2045 902 ·'

404 946 625 980 sacerdotes
643 943 1181 991 reverentia.—]actantiam
1203 943 1362 984 devitet,
1382 943 1426 977 ob
1443 955 1563 988 quam
1590 943 1752 990 ipsemet
1775 943 1921 979 multos
1941 955 1960 979 e
2006 936 2010 951 ²
2036 946 2041 956 ‘

408 1005 600 1040 Societate
619 1003 995 1039 dimiserat—Mun
1003 1004 1042 1038 ia
1060 1003 1255 1048 quaedam
1271 1002 1528 1049 parochialia
1544 1014 1592 1037 ue
1605 1003 1961 1048 exequatur.-Re-
1996 1004 2007 1039 ᾗ-
2031 1004 2046 1046 .'.

400 1065 537 1112 gulas,
557 1065 738 1099 Barzaeo
753 1063 940 1104 traditam,
955 1062 1073 1097 semel
1088 1063 1130 1097 in
1144 1062 1386 1096 hebdomada
1405 1062 1727 1108 legat.-Exoret
1744 1073 1768 1096 a
1787 1062 1957 1104 Vicario,
1988 1096 1990 1101 ,
2031 1059 2047 1111 ,ῗ

406 1124 519 1167 flexis
533 1123 714 1171 genibus,
736 1122 897 1158 veniam
917 1122 1146 1168 culparum,
1166 1132 1266 1166 quae
1286 1122 1328 1155 in
1349 1121 1478 1167 ipsum
1494 1124 1685 1168 patratae
1702 1120 1960 1157 sunt.-Con-

407 1184 564 1218 cionum
576 1181 735 1229 forma,
755 1185 791 1217 et
810 1181 984 1216 materia
999 1180 1555 1227 pertractanda.-Fructum
1575 1193 1594 1216 e
1612 1181 1810 1216 laboribus
1827 1183 1958 1227 perce-

401 1246 518 1290 ptum
535 1245 571 1278 et
589 1242 815 1277 amicitiam
836 1241 941 1275 inter
958 1241 1089 1286 ipsum
1109 1242 1144 1274 et
1180 1240 1383 1274 Vicarium
1403 1243 1622 1285 ceterosque
1638 1241 1858 1275 sacerdotes
1879 1240 1958 1276 exi·
2030 1242 2042 1289 ’ξ

403 1305 567 1337 stentem
582 1301 657 1336 sibi
669 1301 829 1335 scribat.
842 1300 1122 1346 ——Japonenses
1135 1299 1257 1333 socios
1271 1299 1413 1333 laudat
1423 1300 1674 1334 .—Breviter
1688 1299 1882 1346 Episcopo
1895 1311 1960 1334 ra·
1988 1288 1995 1296 Μ

405 1362 552 1397 tionem
571 1361 715 1396 reddat
733 1361 780 1395 de
791 1359 938 1406 fructu
957 1358 1512 1405 obtento.—Objurgationem
1532 1359 1640 1394 mira
1658 1360 1853 1394 charitate
1866 1362 1959 1395 tem·
1980 1396 1981 1399 ,

400 1423 532 1468 perat,
553 1419 640 1466 ejus
664 1419 832 1454 virtutes
856 1418 1317 1465 recognoscens.——Hanc
1340 1418 1547 1465 epistolam
1585 1418 1742 1453 Vicario
1765 1419 1957 1454 ostendat.

425 1530 468 1573 A
501 1542 639 1585 graca
669 1543 695 1572 e
722 1541 846 1570 amor
873 1527 929 1569 de
957 1526 1139 1569 Christo
1166 1540 1301 1569 nosso
1333 1526 1510 1570 Senhor
1546 1526 1640 1582 seja
1675 1541 1851 1584 sempre
1886 1536 1962 1572 em'

335 1620 471 1649 nossa
492 1605 627 1661 ajuda
649 1619 674 1648 e
698 1604 838 1647 favor.
865 1605 1028 1647 Amen.
1975 1658 1981 1665 ι

431 1696 466 1726 1.
532 1684 654 1725 Deos
676 1696 810 1724 nosso
833 1682 1009 1725 Senhor
1031 1681 1137 1725 sabe
1165 1688 1335 1736 quanto
1362 1680 1474 1724 mais
1501 1681 1674 1737 folgara
1695 1681 1752 1726 de
1773 1696 1855 1726 vos
1876 1695 1979 1726 co-s-

334 1762 500 1804 nhecer
522 1773 610 1814 que
631 1759 688 1802 de
710 1772 1040 1811 escreverwos,
1066 1771 1238 1814 porque
1265 1759 1323 1799 ha
1350 1757 1514 1800 muitas
1540 1771 1723 1812 couzas,
1758 1773 1846 1814 que
1873 1773 1953 1816 por

408 1880 418 1900 ¹
469 1878 528 1912 Ex
547 1877 631 1912 cod.
650 1875 770 1917 Mac.‚
791 1875 830 1909 ff.
851 1874 1179 1920 59v-61r.—-Vide
1198 1875 1387 1919 Possm,
1412 1874 1479 1911 lib.
1507 1875 1555 1919 V,
1582 1887 1643 1923 ep.
1675 1885 1730 1922 14:
1758 1877 1958 1924 Manem,

334 1937 406 1973 lib.
431 1937 500 1982 IV,
520 1947 581 1982 ep.
601 1935 640 1970 6.
666 1934 767 1970 Huic
787 1934 972 1980 epistolae
991 1939 1220 1980 sequentem
1239 1934 1438 1980 appossuit
1455 1940 1586 1970 annot.
1607 1935 1810 1972 POSSINUS
1833 1936 1872 1972 in
1889 1936 1954 1972 In*—

334 1996 468 2031 diculo
486 1995 698 2041 exegetica·
717 1992 902 2029 «Cuidam
922 2004 943 2028 e
962 1992 1050 2027 Soc.
1073 1993 1182 2028 Iesu.
1208 1992 1376 2039 Aliquod
1393 1992 1506 2039 hujus
1524 1999 1750 2040 excerptum
1773 1994 1839 2031 dat
1861 1995 1894 2031 T

337 2054 500 2090 sellinus
518 2053 642 2100 Epist.
662 2061 715 2088 111.
738 2052 829 2087 Lib.
852 2061 907 2087 1v.
927 2052 1062 2087 Ioanni
1080 2051 1271 2087 Roderico
1297 2051 1540 2099 inscriptum,
1567 2058 1607 2088 et
1635 2053 1751 2089 eredo
1779 2054 1828 2090 ad
1856 2055 1881 2090 h
1918 2068 1959 2085 κ

334 2113 461 2160 ipsum
491 2112 635 2147 datam.
674 2110 883 2147 Caeterum
912 2110 1002 2157 quia
1027 2111 1225 2157 exemplar
1248 2110 1427 2146 Goanum
1451 2121 1592 2146 nomen
1610 2111 1649 2146 id
1666 2123 1743 2147 non
1761 2111 1923 2160 exprimi
1934 2103 1949 2146 ι

333 2173 420 2219 plus
439 2182 575 2218 sapere
593 2181 708 2217 quam
727 2174 809 2204 erat
826 2180 989 2204 necesse
1008 2180 1085 2204 non
1103 2169 1226 2204 volui.
1251 2168 1396 2204 Scribit
1419 2169 1467 2204 ad
1490 2181 1552 2204 me
1583 2169 1626 2206 P.
1653 2170 1954 2218 Philippuceiu⁹

331 2232 435 2266 clare
453 2242 496 2266 se
513 2228 833 2277 deprehendisse,
851 2228 1162 2275 compendiolum
1186 2227 1378 2275 quoddam
1402 2228 1516 2275 hujus
1542 2229 1730 2276 epistolae
1756 2231 1805 2266 ab
1827 2230 1920 2282 aliq¹
1941 2249 1949 2281 χ

333 2302 355 2326 e
385 2289 529 2325 nostris
558 2289 720 2324 Romam
750 2288 925 2331 missum,
956 2287 1059 2334 quod
1083 2287 1326 2323 Tursellinus
1344 2287 1482 2324 Latine
1500 2288 1700 2324 verterit.»
1717 2289 1791 2325 His
1806 2286 1937 2334 add‘fi

330 2350 540 2385 Menchaca
557 2348 597 2384 in
617 2348 862 2396 Prolegom„
882 2359 970 2394 pag.
990 2356 1115 2382 Lxxll:
1142 2345 1341 2382 «Cutilias
1365 2348 1613 2383 adamussim
1644 2349 1764 2384 vertit
1799 2339 1941 2385 Tur-⁴

331 2409 409 2444 lini
426 2410 671 2455 excerptum;
687 2418 812 2453 quare
830 2406 947 2442 nulla
965 2407 1058 2442 inde
1067 2405 1252 2453 firmitas
1268 2407 1418 2442 accedit
1435 2407 1691 2455 inscriptioni
1719 2407 1940 2444 Tursellin'

331 2468 464 2502 Porro
481 2469 616 2502 autem
633 2467 669 2501 si
686 2477 766 2512 qua
788 2465 1018 2509 Orlandino
1028 2465 1133 2512 fides
1150 2465 1220 2500 lib.
1245 2465 1300 2507 II,
1325 2478 1371 2500 n.
1399 2465 1556 2510 82-84.,
1583 2465 1800 2503 Consalvus
1826 2465 1930 2504 Rod

329 2525 434 2561 ricus
451 2526 488 2561 ei
505 2537 648 2561 nomen
666 2527 770 2560 erat:
787 2536 902 2570 quem
920 2527 965 2559 ut
990 2524 1216 2559 Tursellino
1233 2525 1501 2566 conciliemus,
1520 2525 1772 2573 inscriptam,
1785 2526 1850 2562 sil
1884 2542 1892 2556 e
1930 2531 1939 2556 θ’

331 2586 528 2620 dicamus:
548 2583 688 2630 Joanni
706 2584 900 2620 Consalvo
917 2583 1122 2619 Roderico.
1143 2583 1347 2630 Epistolae
1360 2584 1415 2618 ad
1427 2584 1603 2620 Barzaei
1614 2595 1871 2622 successorem
1890 2602 1897 2615 1

331 2647 394 2679 tae
412 2643 598 2679 meminit
615 2643 818 2678 Xaverius
835 2643 947 2689 apud
965 2643 1178 2678 Possinum
1198 2642 1264 2678 lib.
1285 2641 1322 2684 6,
1342 2645 1402 2690 ep.
1421 2650 1463 2686 5,
1483 2655 1584 2689 quae
1606 2644 1718 2680 nobis
1739 2647 1796 2680 est
1819 2644 1891 2690 232,>
1923 2681 1926 2683 ,

330 2703 393 2738 bri
421 2712 486 2747 4.»
516 2701 565 2738 In
594 2703 772 2747 catalogo
796 2712 942 2747 eorum,
966 2701 1033 2749 qui
1055 2712 1157 2737 anno
1178 2709 1267 2746 1552
1285 2700 1325 2736 in
1342 2701 1452 2737 India
1470 2703 1739 2748 versabantur,
1758 2703 1798 2740 in
1815 2703 1850 2740 A
1880 2699 1898 2733 ι’
1915 2699 1918 2702 “

330 2761 441 2798 ziana
457 2761 572 2797 domo
589 2772 689 2796 unus
708 2766 858 2796 tantum
877 2766 960 2796 erat
977 2760 1174 2807 sacerdos,
1198 2761 1245 2796 P.
1276 2760 1542 2797 Gundisalvus
1563 2761 1802 2811 Rodrigues‚
1826 2763 1927 2799 Pa

329 2820 490 2856 Barzaei
507 2830 726 2856 successor.

399 2878 554 2914 Titulus
572 2876 760 2924 epistolae
777 2887 920 2913 nomen
937 2877 1080 2924 Patris,
1097 2877 1160 2913 cui
1177 2877 1296 2913 missa
1313 2876 1401 2922 fuit,
1419 2877 1577 2913 silentio
1594 2878 1873 2925 praetermisit*
1890 2882 1913 2899 ·

327 2936 433 2973 enim
452 2941 601 2972 tantum
619 2935 686 2971 ait:
707 2935 848 2972 «Carta
864 2947 940 2983 que
958 2947 981 2971 o
998 2936 1047 2971 B.
1071 2937 1119 2972 P.
1142 2937 1199 2972 M.
1223 2936 1430 2972 Francisco
1452 2948 1639 2972 escreveo
1661 2949 1685 2973 a
1708 2938 1800 2974 hum
1822 2937 1866 2974 Ρ
1884 2953 1891 2967 ⁸
1906 2928 1917 2965 -'..

328 2995 377 3032 da
394 2995 644 3042 Companhia,
664 3007 740 3042 que
758 3000 892 3031 estava
909 3007 972 3042 em
989 2996 1104 3031 huma
1122 2995 1322 3040 fortaleza,
1339 3007 1363 3031 a
1379 3004 1425 3032 22
1442 2995 1491 3032 de
1508 2996 1638 3043 Marco
1653 2995 1703 3032 de
1722 3005 1850 3043 1552.»
1900 2988 1905 2993 “
