2049 3360
385 195 453 231 828
872 197 1142 232 MONUMENTA
1168 197 1417 234 XAvEmANA

337 311 364 339 a
386 298 640 352 lembranca
661 298 717 339 da
739 296 883 352 gloria
901 297 960 340 do
979 296 1168 352 paraiso,
1188 312 1291 353 pera
1315 314 1341 342 a
1362 299 1466 354 qual
1484 300 1626 343 fomos
1643 300 1830 344 criados.
1859 303 1953 345 To-

337 374 419 415 das
441 381 559 416 estas
581 387 762 424 couzas,
788 372 1002 415 cuidadas
1025 373 1136 416 cada
1158 373 1246 426 dia,
1267 389 1338 418 me
1355 375 1582 430 ajudaram
1602 376 1740 419 muito
1757 391 1862 433 pera
1878 392 1951 422 me

335 450 500 505 despor
520 465 545 493 e
568 449 686 492 fazer
711 451 724 469 ⁷
747 463 886 505 agora
909 463 936 491 o
958 463 1046 504 que
1068 453 1093 491 a
1114 451 1223 494 hora
1244 450 1300 493 de
1322 451 1474 494 minha
1495 459 1638 495 morte
1661 452 1814 507 queria
1842 455 1856 476 ⁸
1882 460 1950 497 ter

336 525 445 571 seito
469 540 570 580 pera
596 525 631 566 ir
653 529 678 567 a
701 524 844 580 gloria
865 526 924 567 do
946 525 1134 581 paraiso.

424 602 550 644 Todo
572 601 644 644 fiel
666 600 876 652 christao‚
903 615 990 657 que
1012 610 1107 644 este
1130 602 1382 658 regimento
1398 606 1610 659 guardar,
1629 607 1829 662 ganhara
1846 619 1947 648 com

335 692 362 720 a
384 692 519 733 graca
540 677 598 719 do
621 677 800 720 Senhor
821 692 846 720 a
869 677 1012 733 gloria
1034 678 1092 720 do
1114 678 1288 734 paraiso
1310 680 1455 722 n'esta
1476 679 1594 724 vida.

1088 907 1195 946 115

508 971 912 1051 CATECHISTIS
941 1009 976 1049 E
1005 1008 1138 1051 SOC.
1167 1009 1312 1065 JESU
1344 1009 1460 1050 PER
1488 1010 1708 1052 INDIAM
1741 1011 1767 1052 ¹.

765 1114 918 1155 Rudes
940 1113 1249 1157 catechizandi
1270 1114 1513 1156 methodus.

426 1232 459 1261 1.
527 1219 861 1263 Elementorum
883 1220 1125 1262 Doctrinae
1148 1219 1429 1264 Christianae
1452 1219 1636 1263 rudibus
1659 1221 1780 1265 hisce
1802 1236 1949 1278 popu-

330 1295 384 1337 lis
406 1296 722 1338 tradendorum
746 1295 861 1338 viam
885 1310 936 1338 ac
959 1297 1219 1338 methodum
1243 1311 1328 1339 usu
1350 1304 1393 1340 et
1415 1311 1627 1339 successu
1651 1297 1756 1339 mihi
1785 1299 1948 1353 proba-

330 1378 419 1414 tam
442 1386 684 1427 proponam
711 1372 783 1415 hic
812 1372 954 1424 vobis,
986 1373 1164 1416 Fratres
1202 1372 1446 1425 Carissimi,
1471 1388 1655 1428 sperans
1676 1374 1788 1426 fore,
1820 1375 1857 1417 si
1880 1381 1946 1418 te-

330 1447 532 1500 nueritis,
566 1456 615 1490 ut
646 1463 701 1491 ex
725 1462 776 1492 ea
799 1464 889 1492 non
926 1449 1244 1505 poenitendum
1274 1449 1357 1492 Dei
1385 1464 1436 1492 ac
1464 1449 1643 1492 Domini
1674 1450 1825 1493 Nostri
1847 1452 1948 1507 glo-

331 1523 438 1576 riae,
463 1525 710 1580 salutisque
734 1524 1000 1567 Animarum
1024 1526 1219 1568 fructum
1244 1525 1457 1569 referatis.
1682 1580 1685 1583 Ι

418 1613 456 1644 2.
524 1602 816 1657 Congregato
841 1602 1028 1657 Populo,
1055 1601 1130 1657 qui
1154 1593 1326 1645 accedit
1342 1603 1397 1645 ad
1416 1602 1697 1647 Catechesim
1716 1602 1946 1659 explican—

327 1678 446 1730 dam,
474 1678 590 1720 facto
614 1678 706 1733 ipse
730 1678 889 1721 Crucis
911 1678 1059 1734 signo,
1084 1678 1229 1734 capite
1251 1686 1404 1734 aperto
1432 1686 1476 1721 et
1504 1679 1690 1722 sublatis
1718 1679 1940 1732 manibus,

327 1762 506 1810 praeeat
528 1755 705 1797 duobus
731 1754 889 1799 Pueris
910 1756 965 1798 ad
989 1755 1033 1797 id
1055 1755 1218 1811 paratis
1240 1755 1285 1798 in
1309 1755 1660 1811 pronuncianda,
1685 1770 1796 1799 voce
1823 1756 1943 1799 clara

322 1838 370 1874 et
392 1832 480 1874 late
510 1831 797 1887 intelligibili,
838 1831 1055 1875 Oratione
1093 1831 1342 1884 Dominica;
1376 1831 1497 1887 prius
1525 1833 1777 1887 proferente
1805 1834 1942 1875 verba

323 1907 502 1963 singula
520 1907 794 1960 Catechista‚
818 1908 976 1952 Pueris
993 1908 1142 1951 statim
1161 1908 1468 1963 sequentibus.

414 1997 453 2037 3.
522 1986 631 2027 Post
653 1986 740 2027 hoc
761 1984 881 2027 dicat
904 1984 1115 2029 universo
1138 1985 1302 2028 coetui:
1335 1999 1454 2028 nunc
1484 1987 1662 2028 Fratres
1689 1984 1777 2027 mei
1804 1986 1942 2040 profi-

323 2066 496 2103 teamur
520 2061 652 2103 fidem
671 2068 885 2113 nostram,
906 2068 951 2104 et
969 2075 1259 2106 exerceamus
1277 2068 1368 2104 tres
1384 2069 1511 2104 actus
1529 2060 1791 2117 praecipuos
1809 2060 1943 2104 trium
2007 2065 2011 2070 '

324 2136 554 2179 Virtutum
577 2137 1075 2193 praestantissimarum,
1100 2153 1217 2193 quae
1244 2146 1463 2181 vocantur
1494 2137 1810 2194 Theologicae,
1837 2145 1944 2180 sunt

321 2227 403 2256 eae
427 2213 575 2265 Fides,
602 2215 732 2270 Spes,
757 2222 803 2258 et
825 2215 1016 2258 Caritas.
1178 2273 1183 2281 .
2012 2265 2022 2275 ..

408 2302 451 2342 4.
517 2291 632 2332 Tum
656 2306 682 2334 a
704 2291 814 2335 Fide
841 2291 906 2334 sic
933 2291 1131 2347 incipiat,
1164 2292 1447 2348 interrogans
1475 2292 1720 2334 adstantes:
1745 2290 1941 2334 Creditis
2007 2282 2025 2342 ’ᾗ

318 2379 473 2409 omnes
502 2366 546 2408 in
578 2382 715 2409 unum
755 2369 901 2411 Deum
931 2382 1106 2421 verum,
1143 2368 1535 2425 Omnipotentem,
1567 2375 1823 2420 aeternum,
1854 2367 1940 2410 im·
2011 2362 2022 2375 ⁴

322 2455 542 2494 mensum,
568 2443 742 2487 infinite
759 2443 1028 2500 sapientem?
1050 2443 1603 2500 Respondeantuniversi:
1629 2443 1762 2488 etiam
1786 2445 1936 2496 Pater,

322 2531 402 2572 per
422 2518 506 2560 Dei
530 2519 718 2574 gratiam
737 2519 975 2564 credimus.
997 2522 1200 2577 Reponat
1217 2520 1487 2564 Catechista.
1508 2522 1641 2564 Nunc
1668 2534 1778 2577 ergo
1805 2519 1940 2563 dicite
2004 2521 2023 2574 ,“

320 2607 495 2636 mecum
520 2594 684 2649 pariter
705 2596 873 2639 cuncti:
901 2596 1094 2640 Domine
1109 2599 1230 2654 JESU
1252 2597 1430 2640 Christe
1451 2597 1536 2640 Fili
1557 2596 1643 2640 Dei
1658 2595 1764 2649 vivi,
1783 2596 1842 2639 da
1857 2610 1940 2639 no-
2002 2609 2029 2656 «J.

319 2667 389 2711 bis
411 2669 601 2724 gratiam
624 2678 674 2712 ut
696 2671 947 2715 firmissime
970 2674 1208 2716 credamus
1228 2675 1349 2716 hunc
1370 2673 1607 2716 articulum
1635 2679 1814 2716 nostrae
1835 2686 1944 2715 san-

392 2811 405 2829 '¹
455 2808 585 2855 dispor
602 2821 624 2844 a
641 2809 760 2856 fazet,
781 2811 884 2847 Mac.
1073 2815 1088 2835 ⁸
1137 2813 1330 2860 quereria‚
1349 2813 1454 2850 Mac.

396 2869 404 2888 ¹
437 2867 513 2902 ‘Ex
544 2868 813 2915 Possm.,1ib.
841 2870 892 2915 11,
918 2882 980 2917 ep.
1009 2880 1041 2908 1:
1067 2871 1252 2916 Manca„
1278 2870 1348 2907 lib.
1373 2872 1511 2918 11‚ep.
1542 2880 1602 2908 12.
1634 2871 1698 2906 De
1722 2871 1796 2906 hoe
1823 2870 1941 2905 doeu-
2001 2854 2022 2868 ⁴*

266 2914 272 2915 ἶ
317 2930 451 2960 mento
471 2925 543 2960 tria
560 2931 711 2962 tantum
729 2928 933 2974 sequentia
957 2930 1076 2965 verba
1105 2930 1239 2966 scribit
1268 2930 1432 2966 Possm.
1452 2931 1492 2966 in
1511 2931 1638 2966 indic.
1667 2931 1832 2976 exeget..·
1858 2928 1940 2963 «Ex
1996 2930 2002 2934 “

321 2983 510 3019 Archivio
527 2983 681 3020 Goano.
693 2999 709 3019 υ
