2018 3510
586 229 723 262 EPIST.
752 235 882 270 50.-7
911 225 1079 262 APR1L1s
1110 235 1197 271 1545
1594 228 1661 272 377

853 451 933 490 5⁰

135 565 486 609 FRANCISCO
520 565 899 616 MANSILHAS,
925 566 986 608 IN
1021 566 1233 609 CAPUT
1266 565 1646 609 COMORINUM

517 685 816 740 Negapatano
841 694 865 737 7
889 683 1059 739 Aprilis
1094 694 1201 738 1545
1231 685 1259 726 ¹.

71 809 193 843 Illum
212 819 347 843 coram
364 808 530 853 alloqui,
550 810 586 842 et
604 808 650 842 de
668 808 826 842 ratione
844 808 888 841 in
905 819 976 842 suo
995 820 1161 843 munere
1175 819 1213 843 se
1228 808 1402 855 gerendi
1415 809 1629 843 admonere
1646 810 1708 843 de-

135 867 433 902 siderat.—Dei
452 867 618 913 placitis
636 867 811 913 impigre
836 867 1203 913 obtemperandum,
1229 868 1466 912 diversaque
1486 867 1570 902 loca
1591 872 1709 914 pera-

133 927 300 973 granda
318 930 362 961 ut
382 927 587 961 utiliorem
607 929 770 972 operam
789 929 969 961 nostram
985 927 1063 973 ipsi
1079 926 1206 962 ubi-vis
1220 927 1609 961 exhibeamus.-An
1625 928 1710 962 Ma-

136 986 267 1020 lacam
286 986 348 1021 vel
366 986 409 1020 in
428 985 706 1020 Macazariam
722 986 797 1020 sibi
820 987 996 1021 eundum
1015 987 1080 1027 sit,
1100 987 1279 1021 nondum
1304 987 1636 1021 statuit.—Illmn
1657 989 1710 1021 ad

137 1046 404 1080 constantiam
424 1045 468 1080 in
487 1045 687 1079 laboribus
707 1046 1019 1080 adhortatur.—
1032 1046 1157 1080 Varia
1181 1047 1408 1091 exequenda
1432 1047 1511 1092 ipsi
1533 1047 1710 1081 commit-

137 1105 198 1139 tit.
210 1104 344 1138 -Dao
362 1105 441 1151 ipsi
449 1105 706 1150 potissimum
725 1106 988 1145 commendat,
1004 1105 1167 1140 scilicet:
1181 1105 1308 1151 plura
1324 1105 1409 1140 loca
1423 1109 1651 1152 peragrare
1669 1109 1709 1140 ut

137 1163 364 1210 infantibus
379 1164 576 1210 baptisma
594 1164 865 1208 administret,
886 1167 1005 1210 utque
1023 1166 1244 1200 sacerdotes
1262 1176 1341 1199 non
1361 1168 1463 1199 recte
1477 1176 1515 1200 se
1526 1168 1710 1211 gerentes

132 1223 296 1270 puniat,
316 1226 352 1258 et
376 1224 430 1258 ad
455 1222 630 1270 officium
651 1224 833 1258 reducat.
890 1224 950 1259 De
973 1223 1115 1259 Cosma
1141 1225 1187 1259 de
1215 1225 1363 1266 Paci-va,
1376 1224 1537 1269 soanne
1561 1226 1607 1259 de
1632 1226 1708 1259 Ar-

137 1283 253 1330 tiaga
271 1285 308 1317 et
335 1283 455 1317 Vasco
474 1283 723 1318 Fernandez.

157 1421 193 1452 Ι.
260 1408 536 1452 Charissimo
561 1409 706 1453 Padre
729 1424 754 1453 e
777 1411 923 1452 Irmao
947 1424 1067 1452 meu.
1101 1411 1224 1452 Deos
1254 1409 1363 1453 sabe
1392 1416 1563 1465 quanto
1592 1410 1704 1453 mais

69 1486 241 1542 folgara
263 1486 320 1529 (16
342 1500 423 1528 vos
451 1500 547 1538 ver,
580 1500 669 1541 que
697 1490 784 1529 nao
814 1501 1146 1539 escrever-vos,
1177 1501 1284 1542 para
1306 1501 1387 1529 vos
1409 1486 1623 1529 informat
1646 1488 1703 1529 do

60 1563 216 1615 -modo,
243 1577 330 1618 que
352 1577 424 1605 em
454 1570 550 1606 esta
579 1563 719 1606 Costa
741 1563 896 1606 haveis
925 1564 982 1607 de
1014 1571 1082 1607 ter
1109 1578 1180 1607 em
1209 1563 1352 1607 servir
1374 1579 1400 1606 a
1422 1565 1545 1607 Deos
1567 1579 1703 1606 nosso

63 1640 255 1692 Senhor,
283 1640 482 1683 olhando
512 1654 592 1696 por
620 1654 744 1683 esses
773 1640 1009 1684 christaos.
1042 1643 1134 1684 Isto
1165 1656 1249 1684 vos
1279 1641 1386 1697 digo
1417 1656 1588 1697 porque
1616 1645 1702 1684 nao

65 1716 129 1760 sei
151 1718 256 1760 athe
279 1732 419 1773 agora
441 1732 467 1760 0
489 1732 577 1772 que
599 1722 701 1761 sera
723 1718 779 1760 de
802 1718 923 1761 mim.

153 1805 194 1836 2.
259 1795 383 1838 Deos
405 1809 541 1837 nosso
566 1795 744 1838 Senhor
767 1810 847 1855 por
870 1801 1021 1851 tempo
1043 1810 1126 1838 nos
1148 1795 1205 1838 de
1227 1811 1252 1838 a
1269 1795 1411 1839 sentir
1432 1809 1514 1837 sua
1533 1794 1699 1837 santis—

66 1869 172 1913 sima
196 1872 409 1924 vontade;
435 1885 460 1914 e
478 1885 590 1926 quer
610 1872 668 1915 de
690 1875 772 1914 nos
795 1886 884 1926 que
911 1885 1088 1928 sempre
1117 1872 1356 1927 estejamos
1388 1881 1560 1927 prestes
1592 1887 1700 1927 para

66 1961 92 1990 a
117 1947 311 2004 comprir
340 1949 468 1992 todas
501 1964 549 1992 as
581 1963 716 1993 vezes
750 1963 838 2004 que
870 1949 1015 1992 noll-a
1037 1949 1301 1993 manifestar
1333 1965 1358 1992 6
1391 1950 1472 1991 dar
1501 1964 1526 1991 a
1555 1948 1698 1993 sentir

61 2024 224 2069 'dentro
247 2040 318 2069 em
341 2040 498 2068 nossas
521 2026 676 2079 almas;
703 2041 728 2070 e
750 2041 858 2082 para
879 2027 982 2070 bem
1004 2041 1093 2080 ser,
1124 2040 1196 2069 em
1226 2033 1323 2069 esta
1351 2025 1455 2068 vida
1483 2027 1700 2068 havemos

59 2100 121 2144 de
142 2116 214 2146 ser
236 2102 502 2159 peregrinos
529 2118 637 2159 para
663 2103 734 2146 hir
762 2119 788 2146 a
816 2105 945 2147 todas
975 2119 1023 2146 as
1050 2110 1217 2160 partes,
1253 2103 1403 2147 donde
1425 2102 1537 2145 mais
1558 2103 1702 2159 pode—

62 2192 158 2222 mos
180 2179 322 2223 servir
345 2195 370 2222 a
392 2181 516 2223 Deos
538 2195 674 2224 nosso
697 2181 889 2225 Senhor.

133 2329 143 2349 ¹
194 2328 251 2362 Ex
269 2329 353 2363 cod.
373 2328 494 2375 Mac„
520 2329 560 2364 ff.
586 2328 883 2374 37-38r.—Vide
908 2330 1092 2375 POSSIN.,
1119 2329 1187 2364 lib.
1222 2330 1294 2374 III,
1323 2341 1385 2376 ep.
1423 2338 1478 2364 12:
1513 2330 1700 2374 CUTILL.,

63 2396 160 2421 anno
181 2395 285 2433 1545,
305 2400 367 2434 ep.
387 2396 407 2432 5
427 2390 464 2433 (7
483 2388 639 2432 Martii):
662 2389 847 2430 MENCH„
868 2388 936 2423 lib.
958 2389 1010 2434 Π,
1030 2400 1096 2435 ep.
1117 2396 1151 2432 5.
1172 2388 1365 2423 Audiatur
1384 2389 1595 2424 Menchaca
1610 2400 1700 2424 con-

62 2444 119 2480 'tra
134 2450 288 2493 tempus
305 2448 395 2483 huic
414 2447 606 2494 epistolae
629 2459 650 2482 a
674 2448 789 2483 Patre
809 2447 974 2484 Cutillas
997 2448 1239 2493 assignatum
1263 2447 1485 2494 disputans.
1518 2449 1611 2483 «Est
1635 2460 1699 2483 au—

61 2507 138 2540 tem
155 2506 227 2541 hoc
246 2518 365 2542 unum
390 2507 525 2543 Cutill.
546 2512 833 2553 argumentum:
855 2512 1023 2552 constat,
1048 2507 1262 2542 Xaverium
1284 2507 1364 2553 jam
1390 2508 1481 2543 inde
1500 2520 1522 2543 a
1538 2515 1580 2552 25
1601 2509 1699 2543 Mar-

60 2562 104 2598 tii
127 2572 229 2610 1545,
261 2566 517 2613 Nagapatano
548 2566 799 2613 Meliaporam
829 2567 1015 2605 solvisse:
1048 2568 1120 2602 hac
1150 2567 1303 2602 scilicet
1327 2567 1494 2614 epistola
1525 2567 1698 2602 indidem

59 2621 187 2668 missa,
202 2624 265 2660 die
279 2626 408 2661 Martii
429 2634 464 2672 7,
487 2631 594 2661 certe
621 2631 712 2661 ante
738 2634 760 2671 7
789 2626 883 2673 Apr.
912 2627 1059 2661 Verum
1086 2638 1108 2661 a
1133 2627 1370 2672 Tursellino,
1400 2627 1556 2671 Garzia,
1581 2633 1698 2673 atque

57 2680 219 2729 Massejo
236 2684 382 2720 rescire
400 2690 595 2732 potuerat,
614 2685 761 2732 navim,
781 2698 896 2732 quam
915 2686 1108 2721 Xaverius
1128 2686 1374 2733 Nagapatani
1396 2687 1697 2731 conscenderat,

57 2738 167 2777 foeda
192 2748 427 2790 tempestate
452 2750 599 2790 coorta,
625 2745 762 2780 eodem
792 2746 998 2780 revolvere
1029 2750 1204 2781 coactam
1235 2745 1373 2781 fuisse.
1401 2745 1699 2781 conscenderat

58 2803 198 2845 autem,
217 2803 385 2849 Massejo
404 2809 521 2850 teste,
541 2804 604 2839 die
624 2813 669 2849 29
688 2805 817 2850 Mart.,
837 2805 921 2851 ipsa
939 2805 1146 2840 Dominica
1164 2806 1399 2840 Palmarum.
1421 2806 1554 2851 Quare
1573 2805 1699 2852 potuit

59 2857 259 2907 Xaverius‚
279 2868 485 2898 ventorum
503 2864 543 2898 vi
561 2864 654 2899 illuc
674 2865 869 2910 repulsus,
893 2864 986 2899 dum
1005 2869 1108 2900 terra
1133 2865 1385 2911 Meliaporam
1404 2865 1460 2899 ire
1479 2864 1696 2909 contendit,

58 2915 120 2953 'die
136 2927 158 2963 7
176 2920 320 2967 Aprilis
332 2922 535 2958 Mansillae
550 2923 806 2970 Negapatano
820 2923 1009 2959 scribere.
1031 2924 1229 2960 Lucenam
1248 2923 1380 2968 miror,
1395 2925 1461 2971 qui
1479 2924 1692 2958 Xaverium

25 2979 27 2982 ⁴
60 2975 194 3072 (ἷοξὲῐέἰ
217 2980 265 3015 ad
296 2981 474 3028 Aprilem
505 2994 629 3029 usque
660 2982 830 3029 prodidit
862 2983 1131 3019 constitisse.»
1163 2984 1411 3031 Prolegom„
1444 2995 1508 3029 pp.
1534 2982 1700 3018 XCVIII

62 3037 104 3068 et
191 3037 263 3073 IX.
