2018 3510
326 208 394 253 298
819 208 1096 243 MONUMENTA
1129 209 1384 245 XAVERIANA

276 312 386 367 quid
424 312 638 368 amplius,
680 312 767 355 iam
806 311 910 355 fidei
954 319 1136 355 nostrae
1174 311 1458 368 inaugurati,
1499 314 1744 367 haberent,
1788 328 1930 369 quam

274 397 410 434 antea
432 390 629 447 gentiles
652 404 756 433 cum
779 397 946 433 essent.
975 389 1049 433 Nil
1084 389 1146 432 illi
1176 389 1297 433 aliud
1327 391 1677 447 responderunt,
1711 406 1846 446 quam
1873 407 1922 436 se

276 467 548 511 christianos
571 482 688 522 esse,
714 468 864 524 legem
894 482 1003 510 uero
1033 474 1236 510 nostram
1260 475 1305 511 et
1335 483 1388 512 ea
1417 482 1534 523 quae
1563 469 1789 512 credenda
1819 476 1928 512 sunt

277 545 399 603 (quia
422 544 587 588 idioma
615 552 821 588 nostrum
851 560 940 588 non
979 544 1208 600 caperent)
1241 544 1468 601 ignorare.
1502 545 1620 588 Cum
1645 560 1755 602 ergo
1779 560 1927 602 neque

277 622 341 665 illi
370 639 443 667 me
472 638 619 679 neque
649 637 738 679 ego
767 622 866 665 illos
903 621 1221 678 intelligerem,
1258 622 1417 678 lingua
1454 622 1622 678 quippe
1653 637 1808 667 eorum
1833 629 1928 667 erat

278 701 496 754 malauar,
522 716 622 744 mea
645 715 755 744 uero
778 699 1053 752 celtiberica,
1087 700 1229 756 uulgo
1251 714 1529 755 vazquenza,
1556 700 1809 743 conuocaui
1832 715 1927 753 eos,

278 778 355 833 qui
378 778 425 821 in
449 778 513 822 eis
537 786 665 823 erant
687 777 939 834 peritiores,
966 784 1012 820 et
1033 791 1112 820 eos
1134 776 1358 830 homines,
1383 777 1461 833 qui
1485 784 1692 820 nostrum
1709 785 1754 820 et
1772 792 1930 820 eorum

279 855 446 898 idioma
471 856 704 907 callerent,
731 854 824 910 qui,
851 855 960 897 dum
983 853 1139 897 multis
1156 854 1319 898 diebus
1343 869 1484 897 unum
1508 854 1554 896 in
1572 855 1723 897 locum
1747 858 1933 907 coeunt,

279 934 462 977 tandem
487 948 654 988 magno
672 933 826 976 labore
849 932 894 975 in
917 932 1123 988 linguam
1146 931 1297 987 gentis
1320 931 1441 974 illius
1460 931 1932 975 transfuderunt'ora-

280 1010 442 1063 tiones,
470 1026 494 1053 a
517 1011 666 1066 figura
703 1010 853 1053 crucis
886 1009 1163 1066 auspicando
1193 1016 1238 1053 et
1267 1016 1358 1052 tres
1375 1023 1593 1065 personas
1616 1023 1757 1051 unum
1779 1003 1934 1061 Deum

280 1089 550 1144 profitendo.
585 1088 707 1131 Hinc
737 1089 992 1143 symbolum
1022 1088 1347 1143 apostolorum,
1386 1087 1543 1130 decem
1574 1086 1802 1139 mandata,
1829 1100 1933 1129 ora—

282 1165 449 1208 tionem
468 1165 756 1218 dominicam,
778 1165 1097 1208 salutationem
1115 1164 1384 1221 angelicam,
1404 1163 1739 1220 saluereginam
1757 1171 1802 1206 et
1820 1177 1931 1206 con—

284 1243 525 1286 fessionem
550 1244 825 1300 generalem.
854 1243 939 1286 His
961 1243 1023 1285 ita
1046 1257 1205 1287 eorum
1228 1241 1387 1298 lingua
1408 1241 1588 1285 donatis
1611 1248 1656 1284 et
1674 1240 1809 1284 altius
1832 1249 1932 1284 mea

281 1320 328 1363 in
352 1321 568 1364 memoria
590 1322 707 1375 fixis,
729 1321 908 1364 obibam
933 1328 1073 1363 totam
1103 1321 1277 1363 urbem:
1310 1334 1477 1376 pueros
1499 1327 1544 1363 et
1568 1318 1690 1361 uiros
1713 1333 1827 1374 quos
1850 1332 1932 1374 po-

284 1405 426 1442 teram
455 1399 571 1443 aeris
601 1399 753 1442 sonitu
783 1398 975 1448 ciebam,
1008 1412 1194 1453 eosque,
1222 1404 1461 1453 postquam
1485 1395 1828 1448 confluxissent,
1854 1409 1936 1451 per

282 1476 490 1533 singulos
508 1477 604 1521 dies
622 1476 692 1519 bis
704 1477 940 1528 docebam,
955 1477 1069 1518 duas
1086 1477 1221 1518 horas
1239 1483 1337 1518 orto
1354 1474 1443 1517 iam
1459 1475 1571 1526 sole,
1589 1475 1702 1516 duas
1721 1473 1831 1516 alias
1849 1473 1936 1516 sub

282 1568 512 1608 occasum;
539 1554 602 1597 ita
625 1555 795 1597 factum
820 1560 889 1598 est
914 1560 962 1596 ut
986 1567 1078 1595 uno
1097 1568 1254 1597 mense
1271 1551 1499 1595 orationes
1519 1552 1680 1595 doctae
1702 1550 1808 1603 sint,
1836 1565 1888 1594 ea
1910 1564 1937 1593 a

284 1648 357 1676 me
381 1633 471 1675 lata
494 1633 614 1689 lege,
641 1640 691 1675 ut
722 1631 867 1688 pueri,
895 1646 1013 1687 quae
1035 1646 1061 1674 a
1084 1646 1156 1674 me
1180 1630 1433 1682 audierant,
1475 1636 1687 1685 parentes
1710 1635 1755 1672 et
1779 1642 1937 1672 omnes

285 1710 561 1754 domesticos
584 1711 843 1755 edocerent.

378 1801 416 1842 3.
473 1787 735 1831 Dominicis
767 1794 919 1831 autem
942 1786 1104 1829 diebus
1142 1800 1300 1829 omnes
1337 1785 1509 1828 incolas
1544 1783 1667 1826 urbis
1698 1790 1787 1826 tam
1813 1781 1935 1825 uiros

286 1880 422 1920 quam
446 1864 653 1918 feminas,
680 1873 770 1908 tam
794 1879 928 1908 senes
950 1879 1085 1920 quam
1108 1863 1301 1907 iuuenes
1330 1863 1567 1913 uocabam,
1595 1867 1645 1904 ut
1672 1875 1755 1903 sua
1777 1859 1937 1916 lingua

286 1943 517 1987 orationes
534 1943 842 1995 enuntiarent,
857 1943 979 1998 quod
998 1956 1165 1998 magna
1183 1940 1414 1984 alacritate
1432 1953 1589 1983 omnes
1601 1939 1823 1982 fecerunt:
1839 1936 1938 1980 sine

289 2035 429 2073 mora,
451 2022 706 2078 gaudentes
729 2028 774 2064 et
795 2019 1059 2065 laetabundi
1082 2019 1372 2072 aduolarunt,
1398 2017 1565 2073 aliique
1587 2031 1679 2059 non
1696 2014 1846 2058 dubiis
1865 2029 1937 2057 ar—

289 2099 521 2154 gumentis
552 2098 638 2141 sibi
666 2098 869 2154 impense
902 2112 1002 2141 eam
1025 2111 1120 2140 rem
1153 2095 1279 2139 cordi
1308 2110 1408 2139 esse
1436 2093 1588 2137 testati
1617 2100 1740 2136 sunt.
1779 2089 1941 2134 Exorsi

290 2174 433 2231 igitur
456 2191 480 2218 a
503 2175 790 2219 confessione
813 2175 1000 2218 unitatis
1020 2175 1034 2195 ‘⁴
1065 2181 1111 2218 et
1138 2172 1350 2216 trinitatis
1372 2172 1475 2225 Dei,
1502 2185 1659 2214 omnes
1699 2184 1783 2213 suo
1822 2168 1938 2211 idio-

291 2260 410 2296 mate
434 2254 556 2310 (dum
580 2253 800 2310 praeirem
818 2268 922 2310 ego,
943 2253 1006 2295 illi
1027 2259 1181 2297 autem
1204 2250 1518 2307 sequerentur>
1537 2250 1655 2293 elata
1676 2262 1791 2290 uoce
1814 2261 1940 2302 sym-

291 2331 446 2373 bolum
464 2331 786 2374 enunciabant.
814 2331 951 2386 Quod
972 2329 1152 2372 finitum
1175 2329 1299 2372 solus
1322 2342 1410 2384 ego
1427 2327 1593 2371 iterum
1610 2325 1935 2376 memorabam,

293 2422 666 2463 unumquemque
688 2408 930 2451 articulum
953 2409 1009 2450 ab
1032 2406 1130 2451 aliis
1158 2405 1374 2449 dirimens
1402 2404 1660 2459 iustamque
1689 2402 1730 2446 ei
1761 2409 1937 2457 tempo-

289 2483 351 2527 ris
384 2499 555 2528 moram
587 2484 870 2541 impendens.
897 2483 1214 2528 Admonebam
1246 2497 1324 2527 eos
1355 2480 1467 2523 nihil
1510 2479 1633 2523 aliud
1675 2493 1774 2522 esse
1817 2468 1969 2521 chris

290 2561 505 2615 stianum,
546 2576 682 2617 quam
705 2563 833 2605 firma
871 2562 960 2605 fide
997 2569 1042 2604 et
1074 2557 1419 2616 inexpugnabili
1455 2557 1698 2602 duodecim
1721 2555 1940 2599 articulos

295 2641 571 2684 credentem.
598 2641 720 2683 Cum'
746 2639 887 2696 igitur
908 2638 1180 2682 christianos
1202 2652 1303 2682 esse
1335 2651 1385 2681 se
1416 2636 1755 2692 profiterentur,
1783 2631 1938 2675 scisci-

297 2719 425 2762 tabar
463 2733 521 2761 an
558 2731 716 2760 omnes
757 2724 802 2760 et
839 2716 1047 2773 singulos
1086 2714 1325 2760 duodecim
1371 2714 1624 2757 crederent.
1672 2711 1762 2754 Hic
1807 2707 1943 2753 simul

296 2810 456 2839 omnes
493 2803 585 2839 tam
630 2794 715 2838 uiri
752 2809 888 2851 quam
919 2793 1128 2846 feminae,
1161 2801 1252 2836 tam
1290 2806 1422 2835 senes
1461 2805 1596 2846 quam
1628 2788 1836 2839 iuuenes,
1863 2786 1944 2829 ad-

297 2872 432 2916 motis
454 2872 627 2929 pectori
648 2871 858 2915 manibus
879 2870 926 2913 in
943 2870 1092 2931 crucis
1111 2871 1321 2927 figuram,
1342 2868 1675 2925 responderunt
1697 2866 1788 2908 alta
1812 2877 1940 2907 uoce:

371 3043 386 3063 ⁴
437 3041 592 3086 unitati,
611 3052 686 3076 ms,
