2018 3510
352 227 421 265 504
843 224 1116 259 MONUMENTA
1147 224 1399 260 XAVERIANA

302 320 627 377 assignaverat,
654 322 822 366 eisdem
845 323 1194 379 dispertiendam
1218 339 1269 366 ac
1292 324 1639 381 dispensandam
1666 328 1805 371 dedit.
1832 330 1931 385 Ego

299 396 439 453 igitur
462 398 707 441 Bazainum
730 401 973 455 profectus,
1003 407 1051 442 ut
1075 415 1163 444 una
1186 401 1368 457 negotia
1390 404 1609 458 quaedam
1634 405 1928 461 transigerem

299 474 628 518 Molucensium
653 476 1027 529 Christianorum,
1053 490 1156 519 cum
1185 478 1220 520 F
1225 478 1498 522 ranciscanis
1525 481 1780 524 collocutus
1808 496 1923 535 sum3

297 550 375 605 qui
411 551 467 593 ad
496 552 790 607 paucissimos
819 553 1004 606 redacti,
1036 568 1107 596 me
1144 553 1278 597 etiam
1317 562 1451 611 atque
1474 557 1608 600 etiam
1637 565 1855 614 rogarunt
1881 565 1928 601 ut

297 626 490 682 aliquem
512 642 565 672 eo
588 629 858 672 destinarem
882 644 906 672 e
941 630 1183 683 Societate,
1216 631 1292 686 qui
1321 639 1367 676 et
1397 634 1648 689 Neophytis
1677 634 1929 678 necessaria

298 718 354 747 ex
375 704 604 761 assignata
626 706 818 761 pecunia
840 706 1101 762 impertiret,
1127 714 1172 751 et
1193 708 1482 752 seminarium
1507 710 1617 753 illud
1643 711 1930 755 administra-

300 788 382 824 ret.
410 782 565 836 Itaque
589 782 879 827 Melchiorem
903 784 1179 827 Consalvum
1200 784 1262 827 ibi
1284 785 1444 842 reliqui
1466 802 1569 830 cum
1587 789 1809 844 adjutore.
1829 819 1834 823 -

395 870 410 900 1
424 869 458 901 Ι.
526 859 682 914 Nuper
705 859 926 903 Michaele
948 861 1141 913 Vasaeo,
1167 868 1213 905 et
1237 864 1288 904 P.
1304 864 1479 920 Jacobo
1498 865 1706 907 Borbano
1723 865 1928 918 mortuis,

302 934 494 990 Collegii
516 935 667 978 Goani
689 936 862 979 curatio
885 938 943 980 ad
971 938 1186 981 Cosmum
1209 941 1431 996 Joannem
1461 941 1682 996 pervenit,
1708 942 1786 997 qui
1813 941 1932 984 redi-

303 1017 429 1052 tuum
468 1012 804 1067 procuratione,
845 1020 890 1056 et
935 1021 1157 1057 tectorum
1200 1016 1512 1061 aedificatione
1555 1025 1786 1074 suscepta,
1828 1034 1932 1062 cum

302 1086 593 1132 distineretur
621 1090 817 1146 negotiis
844 1090 997 1148 regiis,
1030 1099 1131 1148 post
1159 1094 1404 1137 adventum
1433 1094 1621 1138 Antonii
1647 1095 1806 1139 Gomis
1834 1110 1933 1139 eam

303 1165 579 1208 curationem
604 1166 821 1211 Societati
842 1168 1023 1224 penitus
1052 1169 1202 1213 cessit.
1235 1172 1370 1214 Nunc
1398 1187 1454 1215 ex
1484 1186 1571 1215 usu
1599 1179 1668 1216 est
1694 1174 1812 1216 hanc
1834 1187 1934 1216 ces—

302 1240 472 1285 sionem
510 1242 636 1299 regia
667 1244 907 1288 autoritate
944 1247 1240 1302 comprobari.
1283 1247 1430 1292 Velim
1467 1249 1662 1305 diploma
1698 1264 1845 1303 cures,
1879 1264 1932 1293 ac

301 1318 477 1361 deferas
500 1325 650 1363 tecum
674 1320 720 1362 in
742 1321 932 1366 Indiam.

397 1406 459 1448 14⁴
524 1397 663 1439 Oravi
686 1399 858 1454 Regem
893 1413 972 1455 per
998 1399 1166 1453 literas,
1198 1407 1249 1443 ut
1276 1402 1555 1446 sacerdotem
1593 1404 1817 1458 quendam
1846 1404 1934 1462 (cui

302 1471 532 1526 Stephano
556 1474 786 1517 Ludovico
810 1477 991 1519 Burano
1013 1491 1177 1521 nomen
1200 1478 1282 1533 est)
1311 1477 1397 1520 sibi
1419 1493 1445 1521 a
1472 1480 1637 1524 sacello
1668 1480 1929 1524 constituat.

302 1548 351 1589 Id
373 1548 485 1592 adeo
507 1564 598 1592 non
617 1557 706 1594 tam
729 1550 870 1607 ipsius
891 1566 1029 1595 causa
1052 1553 1153 1605 feci,
1187 1568 1322 1609 quam
1360 1557 1481 1610 quod
1513 1571 1689 1600 sorores
1710 1558 1865 1611 habet,
1888 1565 1934 1601 et

299 1624 447 1677 orbas,
464 1632 519 1670 -et
535 1626 707 1683 inopes;
734 1641 924 1683 quarum
954 1629 1089 1673 frater
1110 1629 1148 1672 si
1171 1630 1298 1686 quasi
1320 1645 1376 1674 ex
1398 1634 1584 1676 cohorte
1606 1633 1733 1690 regia
1759 1634 1834 1677 vir
1850 1636 1934 1677 ho-

300 1708 487 1744 noratus
503 1704 738 1756 habeatur,
766 1705 1087 1769 facilesorores
1111 1708 1332 1752 collocet
1322 1723 1366 1750 1n
1390 1709 1687 1754 matrimonio
1710 1711 1796 1754 His
1813 1711 1932 1755 enim

299 1776 445 1820 locis
434 1793 480 1821 1n
502 1780 756 1833 connubiis,
781 1763 1074 1826 honestorum
1096 1783 1328 1827 hominum
1350 1792 1395 1829 et
1416 1787 1536 1842 apud
1558 1788 1730 1843 Regem
1761 1788 1932 1844 gratio—

298 1863 450 1897 sorum
474 1856 666 1900 affinitas
688 1857 801 1902 mire
821 1859 1062 1915 expetitur
1089 1861 1139 1903 Id
1161 1860 1199 1903 si
1219 1862 1478 1917 perfeceris,
1505 1870 1595 1907 tres
1610 1865 1744 1908 orbas
1760 1865 1932 1921 puellas

298 1929 343 1972 in
367 1938 464 1975 tuto
487 1933 721 1977 locaveris.
754 1935 906 1991 Hujus
942 1937 1190 1981 sacerdotis
1221 1945 1363 1983 mater
1392 1940 1618 1983 Consalvo
1645 1941 1932 1985 Ferdinando

299 2007 504 2051 Cocinati
526 2010 693 2066 nupsit.
731 2012 873 2068 Optat
902 2013 1042 2070 igitur
1079 2015 1290 2058 sacerdos
1321 2016 1379 2058 ad
1401 2015 1548 2059 vitrici
1571 2017 1933 2070 benevolentiam

297 2084 382 2127 sibi
404 2100 457 2128 ac
478 2087 708 2130 sororibus
725 2089 1051 2134 conciliandam
1068 2091 1109 2136 ei
1131 2091 1392 2148 gratificari.
1419 2094 1575 2148 Itaque
1597 2095 1868 2150 deprecatur
1885 2102 1935 2139 ut

298 2163 394 2206 Rex
416 2162 541 2206 illum
564 2178 697 2207 suum
718 2165 930 2209 vitricum
952 2167 998 2210 in
1021 2183 1205 2211 suorum
1229 2184 1467 2213 numerum
1490 2170 1586 2214 sine
1615 2171 1706 2214 ulla
1728 2173 1934 2216 mercede

297 2238 608 2283 administrum
632 2242 859 2286 adscribat
882 2245 1188 2289 honorarium.
1216 2246 1292 2290 Sic
1311 2246 1430 2289 enim
1451 2247 1497 2289 in
1528 2247 1727 2292 animum
1755 2248 1934 2292 induxit

296 2324 444 2369 suum,
470 2317 508 2359 si
531 2317 715 2362 vitricus
738 2320 866 2375 quasi
889 2337 914 2366 e
935 2324 1121 2366 cohorte
1149 2323 1276 2379 regia
1298 2323 1399 2377 erit,
1429 2337 1533 2367 eum
1562 2332 1750 2381 paterno
1779 2340 1932 2370 amore

296 2391 343 2433 in
366 2391 514 2447 ipsum
536 2409 589 2438 ac
607 2410 785 2441 sorores
807 2398 1026 2443 futurum.

393 2479 458 2522 15.
523 2471 641 2514 Cum
679 2473 969 2517 Franciscani
1005 2490 1162 2520 omnes
1200 2478 1342 2520 nostri
1380 2478 1512 2521 amici
1542 2485 1665 2532 sunt,
1707 2486 1801 2523 tum
1822 2483 1940 2524 vero'

298 2553 453 2588 eorum
477 2554 630 2590 custos
652 2550 883 2594 Antonius
906 2550 1126 2596 Casalius.
1155 2554 1197 2596 Is
1219 2554 1425 2598 custodia
1447 2554 1652 2598 abiturus
1672 2562 1775 2612 post
1801 2556 1931 2601 bien-

300 2620 440 2673 nium,
466 2630 590 2677 optat
612 2625 774 2669 mirum
796 2626 842 2669 in
865 2629 1049 2672 modum
1072 2629 1118 2673 in
1141 2631 1419 2674 Lusitaniam
1442 2631 1603 2676 redire:
1629 2641 1798 2688 quaeso
1816 2640 1860 2677 te
1881 2639 1933 2675 ut

299 2696 451 2741 literas
478 2698 541 2740 illi
569 2701 624 2742 ab
655 2703 796 2757 Rege,
828 2711 873 2746 et
902 2705 1162 2749 facultatem
1192 2706 1420 2763 impetres,
1453 2709 1664 2751 absoluto
1699 2709 1934 2752 custodiae

301 2781 500 2830 tempore
520 2776 785 2821 decedendi.
812 2781 931 2823 Nam
954 2781 1164 2838 quintum
1187 2784 1283 2839 jam
1306 2799 1474 2827 annum
1496 2784 1621 2828 hisce
1637 2785 1684 2828 in
1704 2785 1815 2829 locis
1835 2787 1935 2830 Deo

303 2858 356 2894 ac
378 2849 493 2908 Regi
516 2863 696 2908 operam
716 2862 867 2898 navat.
1842 2912 1844 2914 ,

397 2929 464 2972 16.
530 2930 582 2972 Ρ.
619 2929 834 2974 Nicolaus
871 2933 1160 2979 Lancellotus
1196 2938 1455 2981 Coulanum
1491 2952 1517 2981 a
1552 2951 1626 2980 me
1659 2937 1931 2981 valetudinis

295 3019 440 3048 causa
453 3004 616 3049 missus
630 3006 902 3050 convalescit
916 3007 963 3051 in
974 3009 1085 3063 dies,
1105 3011 1174 3055 vir
1185 3013 1319 3069 plane
1340 3015 1487 3058 factus
1503 3015 1560 3057 ad
1576 3014 1942 3059 Coulanensium‚
1973 3051 1976 3053 Α
