2018 3510
24 42 31 51 x

36 0 48 59 „42

553 167 690 203 EPIST.
718 166 873 209 60.—24
899 165 1142 200 DECEMBRls
1171 173 1261 209 1547
1604 153 1673 212 2223

8 134 12 140 .
2 73 10 80 ι

42 255 43 273 μ
38 208 43 232 ᾼι
36 76 45 180 Αρτςῂᾼλ

182 267 471 312 D’Amboino
493 282 519 310 a
540 268 754 322 dezaseys
777 266 832 308 de
855 266 989 320 Mayo
1011 279 1096 307 ano
1118 266 1175 308 de
1206 266 1329 319 1546.

536 345 679 388 Seruo
702 342 833 386 inutil
855 342 910 384 de
934 343 1078 385 Vossa
1099 342 1279 394 Alteza,

176 883 431 939 Inscriptio.
466 883 494 940 ἦ·
529 885 609 926 Ra
634 884 676 926 el
700 884 796 938 Rei,
822 886 881 928 do
902 887 1041 942 padre
1065 889 1173 931 M.‘te
1203 888 1238 930 F
1242 885 1459 929 ramcisco
1487 886 1532 928 ¹¹.

862 1103 946 1142 (30

228 1204 278 1245 Ρ.
306 1203 643 1248 MORERISIO
677 1205 1062 1258 NICOBURGO,
1098 1206 1160 1249 IN
1192 1204 1575 1249 LUSITANIAM

564 1311 664 1354 Goa
688 1323 744 1365 24
766 1311 1031 1354 Decembris
1060 1322 1169 1366 1547
1204 1313 1231 1354 ¹.

140 1415 326 1462 Synopsis
343 1416 546 1462 epistolae,
568 1428 668 1462 quae
687 1418 733 1452 de
753 1418 894 1452 Patris
917 1417 1115 1453 Gonzalvi
1133 1398 1505 1458 Fernandes'obitu,
1534 1417 1655 1462 deque

267 1476 406 1510 multis
426 1476 534 1510 indis
549 1476 732 1512 Malacae
757 1477 992 1523 baptismate
1012 1478 1159 1521 tinctis,
1179 1478 1379 1512 rationem
1400 1477 1547 1512 reddit.

174 1578 415 1621 «Semente
446 1591 472 1619 0
505 1591 564 1620 51.
595 1579 702 1635 Jose
739 1578 881 1622 Maria
918 1580 1243 1634 Nepomuceno
1280 1593 1356 1622 era
1387 1577 1624 1634 possuidor
1657 1578 1712 1620 de

0 1658 11 1694 .”
83 1668 185 1698 111113
206 1661 328 1697 carta
350 1653 542 1710 original
563 1668 634 1697 em
656 1656 916 1699 castelhano
938 1656 995 1699 de
1018 1657 1063 1700 S.
1083 1657 1118 1698 F
1121 1655 1324 1698 rancisco
1342 1655 1526 1707 Xavier,
1547 1655 1711 1697 datada

83 1731 138 1775 de
158 1732 259 1775 Gea
281 1746 306 1774 a
329 1743 385 1785 24
407 1732 464 1775 de
485 1732 726 1775 dezembro
750 1733 805 1775 (16
841 1743 966 1787 1547,
1001 1748 1026 1776 6
1047 1732 1241 1789 dirigida
1271 1747 1378 1789 para
1408 1733 1627 1788 Portugal
1657 1746 1710 1774 ao

84 1807 298 1850 hermano
320 1822 375 1850 en
398 1809 490 1863 Xp⁰
509 1809 549 1853 61
572 1810 623 1852 Ρ.
652 1808 886 1853 Morerisio
910 1809 1189 1865 Nicoburgo.
1216 1810 1377 1853 N’esta
1393 1816 1517 1851 carta
1534 1823 1560 1850 0
1577 1814 1709 1851 531110

82 1899 241 1928 accusa
262 1900 288 1928 a
309 1889 526 1940 recepcao
548 1885 605 1929 de
628 1900 732 1928 uma
755 1892 886 1929 outra
908 1887 964 1930 de
999 1899 1048 1929 12
1078 1887 1134 1930 de
1151 1886 1280 1941 julho
1311 1886 1414 1942 (que
1441 1886 1515 1927 lhe
1543 1884 1709 1927 enviou

81 1975 107 2004 0
134 1962 269 2017 padre
301 1961 457 2017 geral),
494 1962 634 2006 relata
656 1977 681 2005 a
703 1971 847 2006 morte
878 1964 936 2006 do
960 1965 1012 2006 P.
1045 1963 1251 2018 Goncalo
1283 1964 1319 2005 F
1322 1962 1559 2013 ernandes‚
1596 1975 1621 2003 6
1652 1961 1709 2004 da

79 2038 265 2082 noticias
297 2040 353 2081 de
385 2039 573 2091 Malaca,
609 2041 725 2083 onde
757 2042 1015 2084 receberam
1051 2054 1077 2082 0
1108 2039 1331 2095 baptismo
1363 2046 1495 2081 cento
1528 2054 1553 2082 6
1584 2037 1709 2082 vinte

80 2129 258 2170 pessoas
280 2117 336 2160 de
361 2131 434 2159 um
457 2132 482 2160 6
504 2123 635 2160 outro
667 2132 790 2171 sexo,
815 2124 943 2161 entre
975 2133 1024 2161 as
1057 2132 1196 2172 quaes
1228 2116 1326 2159 dois
1359 2116 1624 2168 malabares,
1650 2115 1707 2159 de

82 2205 211 2246 quem
233 2208 282 2237 56
304 2193 456 2237 tiraria
483 2193 625 2236 muito
654 2194 755 2249 pela
782 2199 1026 2249 reputacao
1054 2208 1143 2248 que
1172 2193 1344 2236 tinham
1373 2199 1501 2236 entre
1534 2206 1584 2234 05
1606 2191 1706 2233 bar-

82 2268 254 2313 baros.»
283 2271 486 2314 CAMARA
508 2271 731 2322 MANOEL,
758 2270 948 2313 Missfies
989 2271 1067 2312 dos
1084 2271 1286 2326 Jesuitas
1310 2283 1368 2312 no
1406 2269 1593 2312 Oriente
1622 2281 1704 2310 nos

84 2347 246 2389 saculos
268 2348 388 2389 XVI
402 2361 424 2389 e
447 2348 598 2399 XVII,
617 2362 722 2403 pag.
744 2348 843 2391 XII.

141 2467 168 2487 ¹¹
217 2466 418 2502 Postrema
441 2467 575 2512 verba,
604 2465 703 2501 scih:
734 2465 805 2501 «do
832 2465 949 2511 padre
973 2466 1061 2501 Mte.
1088 2465 1346 2507 Framcisco‚»
1374 2475 1423 2500 ex
1440 2463 1702 2500 conventione

80 2535 165 2560 cum
181 2526 289 2570 Rege
309 2527 529 2573 apponebat
546 2526 754 2570 Xaverius,
774 2530 817 2560 ut
834 2526 882 2560 ab
901 2525 985 2572 ipso
1004 2526 1201 2571 legeretur
1219 2524 1395 2571 epistola.

147 2586 158 2606 ¹
207 2586 318 2621 Hanc
352 2586 571 2632 epistolam,
603 2597 718 2632 quam
748 2584 882 2619 videre
911 2596 988 2620 non
1018 2585 1225 2628 valuimus,
1257 2595 1434 2631 quaeque
1468 2582 1583 2618 simul
1613 2593 1701 2617 cum

76 2642 199 2690 aliqua
220 2650 329 2691 parte
354 2645 630 2689 bibliothecae,
657 2644 706 2679 ad
731 2643 928 2679 dominum
955 2645 1169 2691 Josephum
1193 2644 1353 2678 Mariam
1380 2643 1701 2689 Nepomucenum

74 2703 184 2747 paulo
201 2709 289 2739 ante
307 2704 553 2751 pertinentis,
572 2704 728 2751 publice
746 2703 786 2738 in
810 2703 1111 2750 Ulyssiponensi
1135 2704 1230 2739 urbe
1255 2708 1438 2750 tanquam
1462 2700 1701 2746 autographa

0 2763 1 2775 ¹
74 2761 228 2797 vendita
251 2762 338 2808 fuit,
363 2763 572 2810 acquisivit
594 2762 927 2799 Conimbricensis
952 2763 1172 2798 academiae
1197 2763 1334 2808 lector,
1359 2760 1549 2797 Dominus
1574 2760 1703 2806 Ayres

79 2818 126 2855 de
144 2820 323 2869 Campos.
