2049 3360
643 133 812 168 Docuit.
849 129 1103 175 143.—ANN0
1133 138 1222 175 1542
1628 131 1697 176 815

877 370 986 410 1113

211 506 249 536 S.
277 504 523 535 FRANCISCI
549 504 728 534 XAUIER
752 504 1032 533 MEMORIALE
1056 504 1116 534 AD
1146 505 1302 534 PAPAM
1327 505 1418 535 PRO
1442 505 1591 535 INDIIS
1620 493 1648 534 ¹.

234 618 344 660 M.re
372 616 624 658 Francesco
654 614 839 667 Xauier,
860 613 1039 658 Nuneio
1063 614 1107 656 di
1130 616 1223 659 Sua
1245 614 1361 667 Sta,
1387 630 1413 658 o
1436 616 1566 670 quale
1590 617 1614 659 e
1632 616 1677 658 in
1700 617 1743 661 la

176 691 300 735 India
328 691 389 734 dil
417 707 465 736 re
492 691 537 733 di
566 691 830 746 Portugallo
858 690 1046 734 insieme
1068 704 1153 733 con
1187 690 1216 732 il
1244 692 1547 735 Gouernator'
1576 692 1619 734 di
1649 694 1743 737 Sua

175 769 377 821 Altezza,
403 769 627 811 domanda
650 768 799 822 quello
822 769 906 810 che
929 767 1123 823 seguita.

211 847 266 888 1.⁰
328 845 424 888 Che
446 845 488 887 la
511 843 778 900 Quaresima
800 843 836 887 si
858 843 1021 887 debbia
1043 847 1224 886 muttar’
1250 844 1295 886 in
1319 845 1480 887 alcuno
1498 852 1646 901 tempo
1663 860 1743 889 co-

178 922 327 964 modo.
1750 909 1752 911 ’

236 999 410 1041 Perche
431 998 461 1040 il
485 1005 649 1053 tempo,
675 999 759 1042 che
780 1011 869 1052 qua
884 997 909 1039 e
931 996 1135 1050 inverno,
1160 997 1201 1040 la
1224 998 1248 1040 e
1271 1004 1428 1051 estate,
1449 1005 1493 1041 et
1514 999 1673 1042 adesso
1694 998 1741 1042 in

179 1076 220 1118 el
258 1083 408 1130 tempo
445 1075 562 1118 della
590 1073 858 1129 Quaresima
894 1073 1096 1129 ogniuno
1122 1088 1181 1122 vua
1209 1073 1254 1115 in
1281 1089 1418 1126 mare,
1444 1082 1489 1117 et
1516 1076 1609 1117 cosi
1646 1075 1740 1117 nis-

177 1165 292 1195 suno
319 1166 396 1207 per
424 1151 454 1193 il
482 1151 653 1208 grande
682 1151 809 1193 caldo
832 1157 877 1195 et
898 1165 976 1206 per
997 1151 1162 1193 andare
1185 1165 1263 1206 per
1290 1166 1412 1195 mare
1433 1151 1633 1208 digiuna.

206 1231 266 1272 2.⁰
329 1229 426 1272 Che
448 1227 485 1271 si
506 1227 669 1272 debbia
695 1227 790 1270 dar’
821 1226 1045 1270 authorita
1073 1242 1153 1282 per
1181 1227 1395 1270 assoluer’
1426 1228 1472 1270 in
1500 1228 1529 1270 li
1553 1228 1644 1272 casi
1666 1243 1740 1272 re-

119 1306 146 1348 1
180 1304 346 1350 seruati
368 1305 414 1347 in
435 1305 557 1347 bulla
579 1318 717 1348 cenae
738 1302 936 1346 Domini.

234 1383 321 1425 Per
343 1382 481 1424 esser'
504 1381 546 1423 la
583 1380 708 1423 India
744 1386 870 1423 tanto
907 1380 1117 1432 distante,
1149 1382 1233 1424 che
1255 1395 1368 1424 sono
1397 1380 1441 1423 di
1463 1395 1552 1436 qua
1579 1381 1658 1437 piu
1693 1381 1741 1424 di

175 1459 335 1502 sedece
356 1457 495 1500 millia
514 1456 673 1513 miglii.

208 1538 268 1590 3.⁰
332 1536 430 1578 Che
452 1534 482 1576 il
510 1535 723 1577 Vescouo
753 1532 799 1576 in
827 1532 858 1575 li
887 1533 988 1576 suoi
1009 1533 1177 1577 diocesi
1201 1548 1332 1589 possa
1354 1541 1644 1578 commettere
1665 1534 1741 1578 alli

177 1611 277 1655 suoi
299 1610 453 1654 vicarii
488 1612 572 1654 che
599 1609 781 1666 possino
812 1609 1053 1652 ministrar'
1098 1610 1128 1652 il
1166 1618 1444 1654 sacramento
1473 1611 1589 1654 della
1627 1625 1738 1654 con-

121 1689 154 1732 7
186 1689 452 1731 firmatione.

239 1767 325 1808 Per
362 1778 511 1809 essere
548 1763 578 1805 li
615 1762 765 1806 luochi
792 1762 853 1805 dil
883 1764 1140 1806 Vescouato
1170 1770 1295 1806 tanto
1323 1763 1506 1806 distanti
1535 1765 1580 1807 di
1612 1765 1737 1808 molti

177 1841 351 1884 milliari
372 1840 417 1883 di
439 1840 598 1897 miglii.

188 1986 197 2005 ¹
249 1984 306 2019 Ex
324 1983 558 2030 apographo,
572 1981 716 2029 duplici
746 1980 852 2025 folio,
877 1980 917 2016 in
934 1982 1018 2016 cod.
1044 1982 1158 2016 Rom.
1184 1985 1359 2029 autogr„
1393 1994 1481 2017 cum
1505 1982 1737 2029 quibusdam

113 2042 424 2078 annotationibus
442 2041 483 2076 S.
503 2041 646 2087 Ignatii
663 2041 702 2076 in
726 2040 900 2086 margine
924 2040 1074 2086 positis,
1095 2052 1190 2087 quas
1209 2040 1369 2076 inferius
1387 2041 1467 2076 suis
1482 2042 1576 2076 locis
1594 2041 1739 2077 indica-

116 2113 213 2138 mus.
233 2102 310 2137 Sex
324 2101 489 2145 numeri,
508 2101 591 2136 scil.
604 2099 831 2146 1‚7‚3,6',6,
850 2099 885 2145 8,
901 2099 940 2134 in
954 2101 1145 2145 columna,
1161 2099 1209 2135 ad
1223 2099 1418 2136 sinistram
1436 2112 1606 2147 manum,
1621 2103 1740 2137 collo·

114 2160 204 2206 cati,
222 2160 262 2196 S.
279 2159 422 2205 Ignatii
438 2171 554 2195 manu
567 2164 658 2194 sunt
672 2159 833 2204 exarati,
848 2158 1018 2205 itemque
1032 2170 1180 2204 cruces,
1195 2170 1294 2205 quae
1308 2163 1396 2205 post
1408 2171 1610 2195 numerum
1627 2159 1682 2195 6.·
1698 2165 1737 2197 et

115 2224 204 2255 ante
220 2231 423 2255 numerum
440 2218 515 2254 12.⁰
529 2218 791 2265 reperiuntur.
813 2218 987 2253 Adverte
1000 2229 1180 2263 magnam
1194 2219 1328 2253 harum
1342 2217 1572 2264 petitionum
1587 2224 1736 2265 partem

116 2277 155 2313 in
172 2278 345 2326 epistolis
360 2277 601 2313 Sti.Xaverii
617 2276 660 2312 13
673 2282 713 2312 et
730 2285 787 2321 14,
801 2276 864 2312 die
879 2285 924 2312 20
939 2276 1180 2323 Septembris
1198 2285 1287 2322 1542
1300 2277 1738 2322 datis‚c0ntineri;forte

118 2351 176 2386 ea,
194 2350 292 2386 quae
310 2337 593 2383 desiderantur,
611 2336 651 2371 in
665 2337 739 2371 alia
756 2335 921 2382 epistola
935 2335 1116 2381 adjuncta
1139 2341 1263 2381 erant,
1288 2337 1351 2371 vel
1373 2336 1552 2383 sequenti
1577 2348 1678 2372 anno
1696 2337 1737 2373 in

117 2397 384 2434 communibus
402 2396 557 2440 litteris,
575 2407 673 2442 quae
688 2407 764 2430 non
778 2394 1038 2442 reperiuntur,
1053 2395 1116 2430 vel
1130 2406 1198 2442 per
1213 2395 1398 2441 scriptum
1412 2395 1459 2430 ad
1473 2395 1629 2431 modum
1647 2407 1738 2443 sup-

115 2457 223 2504 plicis
237 2455 358 2493 libelli
372 2457 566 2502 postulata
573 2455 743 2490 fuerunt.
754 2454 816 2489 Ad
830 2466 973 2489 annum
986 2459 1117 2490 autem
1128 2462 1218 2499 1542
1228 2454 1301 2489 hoe
1314 2454 1590 2490 documentum
1604 2455 1735 2490 retuli-

113 2527 210 2561 mus,
229 2516 389 2552 attentis
406 2515 481 2560 his,
500 2525 598 2561 quae
612 2514 793 2549 dicuntur
807 2513 846 2548 in
868 2512 1013 2548 cartas
1030 2514 1076 2548 de
1097 2513 1181 2548 San
1200 2513 1378 2560 Ignacio,
1399 2519 1426 2549 t.
1444 2515 1474 2557 Ι,
1491 2525 1551 2560 ep.
1571 2513 1735 2560 XCVII,

112 2586 200 2622 pag.
220 2574 302 2620 315:
324 2576 497 2621 «Porque
515 2585 590 2608 aun
608 2574 728 2608 habra
745 2578 825 2607 tres
843 2574 936 2607 afios
954 2572 1118 2619 pasadcs
1137 2572 1314 2618 [adverte
1333 2573 1435 2608 hanc
1453 2573 1661 2619 epistolam
1680 2575 1735 2609 ad

112 2646 264 2670 annum
285 2634 381 2678 1546
393 2633 626 2680 pertinere],
647 2643 722 2678 que
739 2642 788 2666 no
805 2632 941 2667 hemos
958 2631 1100 2678 podido
1119 2631 1273 2678 espedir
1291 2633 1346 2666 las
1365 2642 1475 2667 cosas
1500 2644 1580 2667 mas
1600 2632 1733 2679 espiri-

113 2695 248 2737 tuales,
262 2704 337 2740 que
355 2693 523 2727 Maestro
541 2691 747 2726 Francisco
764 2690 1019 2736 demandaba,
1039 2702 1081 2726 es
1099 2693 1120 2726 a
1138 2691 1265 2736 saber,
1286 2702 1377 2737 para
1391 2691 1570 2726 mudarse
1585 2693 1620 2726 la
1634 2692 1733 2728 Cua-

111 2763 236 2788 resma
254 2764 303 2787 en
321 2753 377 2787 las
395 2751 540 2797 Indias,
558 2762 584 2797 y
602 2751 657 2785 los
675 2760 784 2785 casos
802 2750 844 2784 in
863 2750 989 2785 Bulla
1015 2749 1168 2786 Coenae
1192 2750 1362 2786 Domini
1379 2750 1621 2795 reservados,
1640 2763 1666 2797 y
1684 2751 1734 2786 de

113 2815 213 2847 otras
230 2811 442 2849 cosas.»,1n
460 2810 623 2857 epistola
640 2809 700 2855 62,
720 2820 849 2855 supra,
868 2820 932 2855 pp.
951 2808 1021 2854 448
1040 2813 1080 2844 et
1097 2818 1183 2855 449,
1202 2808 1336 2845 scribit
1354 2809 1545 2845 Xaverius
1560 2810 1586 2845 S
1621 2810 1734 2855 Igna-

115 2870 181 2905 tio:
202 2871 284 2905 «De
302 2869 622 2916 Quadragesima,
641 2880 734 2904 usus
752 2879 814 2903 me
831 2867 963 2903 docuit
985 2868 1080 2904 nihil
1111 2867 1317 2903 admodum
1336 2880 1498 2904 neeesse
1521 2880 1609 2904 esse
1626 2869 1735 2915 quie-

116 2939 229 2975 quam
243 2929 461 2965 inmutari.»
