2018 3510
574 222 711 256 EPIST.
733 221 890 256 61.-—2o
917 222 1116 266 JANUARJI
1138 223 1225 266 1548
1598 234 1664 270 445

87 329 288 380 peccata,
315 335 429 378 quae
451 321 496 364 in
512 322 757 377 juuentute
778 322 1078 375 commiserat,
1104 322 1173 365 his
1196 325 1535 377 mercatoribus,
1569 342 1713 371 reme-

86 399 210 442 dium
233 399 289 441 ab
311 397 375 441 eis
391 405 549 454 petens
568 405 617 441 ut
638 398 818 442 ueniam
836 398 1051 453 consequi
1073 414 1099 442 a
1114 400 1213 442 Deo
1234 407 1401 455 posset,
1423 403 1507 444 hoc
1525 403 1585 445 illi
1605 420 1712 448 con—

85 475 234 519 silium
256 475 492 527 dederunt,
517 481 569 517 ut
590 475 647 517 ad
676 490 748 519 me
786 475 1004 518 Malacam
1042 475 1232 528 ueniret,
1265 478 1385 532 quod
1421 485 1465 520 et
1490 480 1608 531 fecit;
1635 485 1713 526 sed

88 566 191 596 cum
228 551 447 595 Malacam
484 550 779 606 peruenisset,
815 551 901 593 iam
924 566 1012 607 ego
1045 552 1273 596 Malucum
1312 554 1540 608 profectus
1573 572 1710 601 eram.

86 631 243 684 Itaque
264 628 310 670 in
327 627 515 683 patriam
544 627 816 680 redditurus,
848 628 1077 672 intellecto
1110 629 1231 684 quod
1259 629 1362 672 inde
1390 630 1710 687 discessissem,

87 720 251 749 nauem
273 705 613 758 conscenderat;
639 719 832 759 cumque
855 706 992 761 longa
1013 705 1306 761 nauigatione
1334 706 1422 749 iam
1451 707 1495 749 in
1525 723 1714 767 conspe-

85 789 208 826 ctum
231 795 414 824 suarum
436 781 683 824 insularum
701 781 916 834 venisset,
938 796 1045 826 ecce
1067 784 1254 825 cohorta
1271 790 1340 826 est
1363 790 1606 840 tempestas
1626 794 1712 831 tam

84 859 246 911 valida,
288 864 337 900 ut
369 858 694 914 propemodum
727 858 966 901 summersi
1005 858 1194 912 fuerint3
1236 866 1281 903 et
1317 860 1380 902 sic
1414 861 1559 915 nauis,
1579 872 1715 907 vento

84 936 284 991 abrepta,
305 934 524 978 Malacam
563 934 710 986 rediit,
737 934 813 976 vbi
837 950 924 987 me,
958 935 1034 990 qui
1063 935 1151 978 iam
1183 949 1237 978 eo
1261 936 1497 989 redieram,
1523 938 1712 993 inuenit,

84 1012 367 1066 multumque
405 1010 723 1053 consolationis
760 1010 1004 1066 spiritualis
1040 1026 1217 1055 mecum
1262 1013 1451 1070 accepit.
1493 1015 1715 1072 Linguam

86 1088 452 1145 portugalensem
480 1088 671 1140 calebat,
702 1088 829 1139 vnde⁴
853 1089 970 1130 ultro
999 1088 1203 1145 citroque
1232 1091 1374 1133 multa
1401 1093 1607 1136 conferre
1636 1109 1717 1149 po-

89 1171 301 1209 teramus.

183 1243 248 1286 16.
314 1241 362 1286 Si
385 1255 540 1284 omnes
551 1241 827 1297 japonenses
846 1248 936 1284 tam
953 1243 1194 1300 diligentes
1209 1243 1412 1288 veritatis
1429 1245 1718 1302 indagatores

88 1326 240 1364 essent
262 1325 312 1361 ut
331 1318 405 1361 hic
434 1320 666 1375 Angerus,
697 1318 879 1362 omnino
907 1333 960 1362 ea
988 1335 1102 1376 gens
1133 1320 1179 1363 in
1207 1320 1376 1364 sciendi
1399 1323 1550 1365 studio
1572 1325 1713 1367 omni—

87 1397 173 1438 bus
211 1395 308 1438 aliis
346 1395 499 1439 Indiae
536 1395 802 1452 regionibus
839 1398 1060 1440 hactenus
1097 1397 1216 1440 notis
1252 1399 1544 1454 praeferenda
1581 1408 1714 1445 esset.

87 1474 256 1529 Magno
277 1471 499 1515 desiderio
537 1473 594 1516 de
631 1473 767 1516 rebus
805 1472 909 1515 fidei
948 1481 1128 1517 nostrae
1164 1474 1435 1529 inquirebat3
1470 1483 1640 1520 etcum
1663 1480 1718 1521 ad

85 1549 300 1593 lectiones
331 1549 600 1593 christianae
637 1548 867 1592 doctrinae
895 1550 1086 1603 veniret,
1117 1550 1285 1607 scripto
1320 1553 1569 1608 accipiebat
1602 1570 1717 1609 quae

87 1627 144 1670 ad
166 1626 377 1670 articulos
412 1626 518 1670 fidei
549 1626 815 1678 attinebant,
856 1628 1087 1683 multaque
1119 1627 1443 1685 interrogabat,
1481 1632 1639 1674 crebro
1662 1633 1717 1675 ad

89 1703 335 1747 orationem
357 1703 403 1745 in
424 1703 660 1747 ecclesiam
678 1717 727 1746 se
749 1704 1028 1748 conferebat.

181 1792 247 1834 17.
313 1780 429 1823 Cum
447 1786 749 1836 percontarer,
771 1780 808 1822 si
825 1795 898 1823 me
920 1782 976 1823 ad
994 1781 1090 1824 eius
1113 1782 1302 1838 patriam
1320 1784 1589 1838 conferrem,
1609 1800 1716 1828 num

86 1857 361 1901 existimaret
371 1857 643 1913 japonenses
658 1856 826 1899 Christi
841 1857 977 1901 fidem
991 1865 1272 1915 accepturos,
1285 1860 1531 1916 respondit,
1551 1877 1717 1917 nequa-

88 1949 222 1990 quam
243 1933 371 1976 breui
396 1941 596 1990 tempore
618 1933 663 1975 id
686 1948 784 1977 esse
808 1934 1026 1987 facturos,
1053 1935 1132 1978 sed
1154 1935 1279 1991 prius
1301 1937 1439 1980 multa
1463 1937 1718 1996 interroga-

88 2018 228 2064 turos;
248 2017 293 2054 et
315 2011 424 2066 quid
447 2010 511 2055 eis
544 2012 862 2066 responderem
886 2011 1085 2067 quidque
1109 2012 1204 2068 ipse
1234 2012 1532 2070 intelligerem
1562 2016 1718 2059 obser-

86 2095 286 2140 uaturos,
313 2094 358 2132 et
380 2102 485 2143 prae
508 2087 606 2130 aliis
629 2102 686 2129 an
703 2086 798 2129 uita
820 2102 920 2130 mea
942 2088 1138 2131 sermoni
1160 2089 1402 2132 conformis
1431 2098 1565 2134 esset:
1599 2094 1719 2147 quod

86 2164 123 2207 si
143 2166 255 2208 haec
278 2165 369 2207 duo
391 2164 438 2206 in
460 2180 532 2208 me
549 2170 716 2214 essent,
743 2163 901 2219 primo,
929 2171 979 2206 ut
997 2165 1138 2208 uerbo
1168 2172 1290 2209 recte
1318 2166 1624 2212 satisfacerem
1648 2168 1717 2211 in-

89 2241 488 2298 terrogationibus,
508 2240 671 2285 deinde
693 2247 744 2282 ut
766 2240 830 2283 sic
860 2240 1060 2284 uiuerem
1091 2248 1141 2284 ut
1169 2242 1214 2284 in
1237 2257 1309 2286 me
1333 2243 1441 2298 quid
1473 2247 1714 2300 reprehen-

89 2319 246 2363 derent
273 2333 362 2361 non
384 2315 636 2370 haberent,
677 2318 797 2374 quod
826 2318 973 2361 medio
1012 2333 1130 2362 anno
1162 2320 1262 2375 plus
1300 2319 1449 2363 minus
1482 2328 1718 2377 postquam

89 2397 200 2439 haec
221 2395 527 2451 experimento
549 2394 892 2450 comperissent,
919 2397 1014 2439 Rex
1037 2402 1083 2438 et
1105 2396 1318 2440 uniuersa
1348 2397 1559 2441 nobilitas
1581 2406 1626 2441 et
1648 2414 1718 2442 re-

88 2471 198 2528 liqui
233 2487 388 2515 omnes
419 2471 705 2515 discretiores
727 2472 783 2514 ad
806 2471 1186 2515 christianismum
1217 2474 1398 2516 uenturi
1427 2482 1601 2528 essent;
1633 2478 1719 2519 hoc

89 2549 309 2603 addendo,
335 2549 456 2604 quod
477 2563 530 2591 ea
546 2563 659 2604 gens
682 2562 772 2590 non
794 2548 879 2590 nisi
902 2548 1072 2592 ratione
1094 2549 1284 2606 regitur.

182 2618 248 2669 18ss
314 2627 521 2682 Rogatus
543 2639 569 2667 a
591 2640 662 2668 me
685 2624 866 2679 quidam
889 2632 1126 2678 mercator,
1152 2627 1261 2669 mihi
1278 2627 1464 2681 amicus,
1487 2629 1563 2684 qui
1581 2629 1658 2672 diu
1676 2630 1721 2672 in

89 2701 153 2745 eis
175 2701 334 2746 insulis
358 2703 504 2745 fuerat
528 2708 752 2753 uersatus,
786 2708 835 2744 ut
863 2701 1080 2746 scriberet
1109 2718 1226 2758 quae
1258 2705 1568 2761 experimento
1597 2721 1722 2749 com-

88 2785 215 2834 perta
237 2780 441 2833 haberet,
467 2780 553 2822 hoc
581 2778 690 2820 mihi
720 2778 954 2834 scriptum,
987 2781 1108 2834 quod
1139 2781 1196 2823 ad
1224 2796 1310 2825 uos
1340 2782 1610 2835 transmitto,
1643 2785 1722 2826 de-

89 2854 153 2897 dit
179 2856 228 2900 12.
254 2858 311 2899 Et
340 2870 497 2899 reuera
529 2856 585 2899 ad
616 2870 827 2911 magnam
858 2857 950 2899 fore
979 2856 1064 2900 Dei
1097 2858 1289 2914 gloriam
1323 2859 1434 2902 mihi
1467 2859 1724 2902 huiusmodi

154 2963 182 2983 ¹2
231 2962 358 3008 Hujus
377 2962 608 2997 narrationis
627 2963 850 3008 exemplum
868 2963 1068 3009 hispanice
1084 2964 1207 3000 edidit
1221 2965 1402 3002 CAMARA
1419 2967 1614 3011 MANOEL,
1631 2966 1724 3000 Mis-

94 3021 174 3056 s6es
191 3022 259 3056 dos
268 3021 449 3068 Jesuitas
466 3034 517 3057 no
541 3022 767 3064 Oriente...‚
786 3033 854 3068 pp.
883 3031 1052 3068 112-125.
