<?xml version="1.0" encoding="UTF-8"?>
<!DOCTYPE html PUBLIC "-//W3C//DTD XHTML 1.0 Transitional//EN"
    "http://www.w3.org/TR/xhtml1/DTD/xhtml1-transitional.dtd">
<html xmlns="http://www.w3.org/1999/xhtml" xml:lang="en" lang="en">
 <head>
  <title>
</title>
<meta http-equiv="Content-Type" content="text/html;charset=utf-8" />
  <meta name='ocr-system' content='tesseract 3.04.00' />
  <meta name='ocr-capabilities' content='ocr_page ocr_carea ocr_par ocr_line ocrx_word'/>
</head>
<body>
  <div class='ocr_page' id='page_1' title='image "./monumentaxaveria1601fran_0857.png"; bbox 0 0 2049 3360; ppageno 0'>
   <div class='ocr_carea' id='block_1_1' title="bbox 569 206 1636 254">
    <p class='ocr_par' dir='ltr' id='par_1_1' title="bbox 569 206 1636 254">
     <span class='ocr_line' id='line_1_1' title="bbox 569 206 1636 254; baseline -0.001 -10"><span class='ocrx_word' id='word_1_1' title='bbox 569 210 739 244; x_wconf 87' lang='lat' dir='ltr'><strong>DOCUM.</strong></span> <span class='ocrx_word' id='word_1_2' title='bbox 775 206 1033 252; x_wconf 81' lang='lat' dir='ltr'>143.—ANNo</span> <span class='ocrx_word' id='word_1_3' title='bbox 1063 218 1168 254; x_wconf 84' lang='lat'>1542.</span> <span class='ocrx_word' id='word_1_4' title='bbox 1569 208 1636 253; x_wconf 90' lang='lat'>817</span> 
     </span>
    </p>
   </div>
   <div class='ocr_carea' id='block_1_2' title="bbox 0 308 1706 2198">
    <p class='ocr_par' dir='ltr' id='par_1_2' title="bbox 64 308 1690 664">
     <span class='ocr_line' id='line_1_2' title="bbox 150 308 1687 365; baseline -0.003 -9"><span class='ocrx_word' id='word_1_5' title='bbox 150 317 165 336; x_wconf 76' lang='lat'><strong>⁶</strong></span> <span class='ocrx_word' id='word_1_6' title='bbox 201 312 463 356; x_wconf 78' lang='lat' dir='ltr'><strong>Praefectus</strong></span> <span class='ocrx_word' id='word_1_7' title='bbox 492 309 613 365; x_wconf 90' lang='lat' dir='ltr'>regis</span> <span class='ocrx_word' id='word_1_8' title='bbox 642 308 900 352; x_wconf 79' lang='lat' dir='ltr'>Lusitaniae</span> <span class='ocrx_word' id='word_1_9' title='bbox 923 311 1042 365; x_wconf 90' lang='lat' dir='ltr'>apud</span> <span class='ocrx_word' id='word_1_10' title='bbox 1071 312 1204 353; x_wconf 80' lang='lat' dir='ltr'>Indos</span> <span class='ocrx_word' id='word_1_11' title='bbox 1228 310 1501 362; x_wconf 84' lang='lat' dir='ltr'>OrientaleS,</span> <span class='ocrx_word' id='word_1_12' title='bbox 1522 317 1564 353; x_wconf 90' lang='lat' dir='ltr'>et</span> <span class='ocrx_word' id='word_1_13' title='bbox 1590 312 1687 353; x_wconf 88' lang='lat' dir='ltr'>Ma-</span> 
     </span>
     <span class='ocr_line' id='line_1_3' title="bbox 65 385 1689 449; baseline -0.004 -14"><span class='ocrx_word' id='word_1_14' title='bbox 65 392 204 449; x_wconf 89' lang='lat' dir='ltr'>gister</span> <span class='ocrx_word' id='word_1_15' title='bbox 242 387 510 431; x_wconf 87' lang='lat' dir='ltr'>Franciscus</span> <span class='ocrx_word' id='word_1_16' title='bbox 545 385 713 429; x_wconf 90' lang='lat' dir='ltr'>Xabier</span> <span class='ocrx_word' id='word_1_17' title='bbox 741 386 796 428; x_wconf 93' lang='lat' dir='ltr'>de</span> <span class='ocrx_word' id='word_1_18' title='bbox 819 385 1045 430; x_wconf 89' lang='lat' dir='ltr'>Societate</span> <span class='ocrx_word' id='word_1_19' title='bbox 1066 386 1398 444; x_wconf 89' lang='lat' dir='ltr'>nominisJesu,</span> <span class='ocrx_word' id='word_1_20' title='bbox 1424 387 1481 430; x_wconf 89' lang='lat' dir='ltr'>ad</span> <span class='ocrx_word' id='word_1_21' title='bbox 1502 401 1578 430; x_wconf 85' lang='lat' dir='ltr'>eas</span> <span class='ocrx_word' id='word_1_22' title='bbox 1604 387 1689 442; x_wconf 73' lang='lat' dir='ltr'>[re-</span> 
     </span>
     <span class='ocr_line' id='line_1_4' title="bbox 65 461 1690 525; baseline -0.003 -15"><span class='ocrx_word' id='word_1_23' title='bbox 65 466 237 525; x_wconf 89' lang='lat' dir='ltr'>giones]</span> <span class='ocrx_word' id='word_1_24' title='bbox 261 480 287 508; x_wconf 91' lang='lat' dir='ltr'>a</span> <span class='ocrx_word' id='word_1_25' title='bbox 309 465 425 508; x_wconf 85' lang='lat' dir='ltr'>S.m0</span> <span class='ocrx_word' id='word_1_26' title='bbox 454 465 511 506; x_wconf 94' lang='lat' dir='ltr'>D.</span> <span class='ocrx_word' id='word_1_27' title='bbox 544 464 601 506; x_wconf 92' lang='lat' dir='ltr'>N.</span> <span class='ocrx_word' id='word_1_28' title='bbox 643 461 823 513; x_wconf 88' lang='lat' dir='ltr'>missus,</span> <span class='ocrx_word' id='word_1_29' title='bbox 863 469 1024 517; x_wconf 92' lang='lat' dir='ltr'>petunt</span> <span class='ocrx_word' id='word_1_30' title='bbox 1060 464 1301 506; x_wconf 91' lang='lat' dir='ltr'>nonnullas</span> <span class='ocrx_word' id='word_1_31' title='bbox 1338 462 1594 518; x_wconf 80' lang='lat' dir='ltr'>spirituales</span> <span class='ocrx_word' id='word_1_32' title='bbox 1624 463 1690 505; x_wconf 85' lang='lat' dir='ltr'>fa—</span> 
     </span>
     <span class='ocr_line' id='line_1_5' title="bbox 64 528 1690 597; baseline -0.004 -9"><span class='ocrx_word' id='word_1_33' title='bbox 64 545 253 588; x_wconf 88' lang='lat' dir='ltr'>cultates</span> <span class='ocrx_word' id='word_1_34' title='bbox 281 548 326 586; x_wconf 91' lang='lat' dir='ltr'>et</span> <span class='ocrx_word' id='word_1_35' title='bbox 349 540 532 597; x_wconf 76' lang='lat' dir='ltr'>gratias,</span> <span class='ocrx_word' id='word_1_36' title='bbox 558 553 671 593; x_wconf 88' lang='lat' dir='ltr'>quas</span> <span class='ocrx_word' id='word_1_37' title='bbox 687 528 894 593; x_wconf 82' lang='lat' dir='ltr'>judicant</span> <span class='ocrx_word' id='word_1_38' title='bbox 915 538 978 580; x_wconf 92' lang='lat' dir='ltr'>illi</span> <span class='ocrx_word' id='word_1_39' title='bbox 1000 539 1328 583; x_wconf 82' lang='lat' dir='ltr'>remotissimae</span> <span class='ocrx_word' id='word_1_40' title='bbox 1349 538 1524 595; x_wconf 89' lang='lat' dir='ltr'>regioni</span> <span class='ocrx_word' id='word_1_41' title='bbox 1553 553 1690 594; x_wconf 87' lang='lat' dir='ltr'>expe-</span> 
     </span>
     <span class='ocr_line' id='line_1_6' title="bbox 66 621 256 664; baseline -0.016 0"><span class='ocrx_word' id='word_1_42' title='bbox 66 621 256 664; x_wconf 81' lang='lat' dir='ltr'>dientes.</span> 
     </span>
    </p>

    <p class='ocr_par' dir='ltr' id='par_1_3' title="bbox 64 691 1694 979">
     <span class='ocr_line' id='line_1_7' title="bbox 153 691 1692 752; baseline -0.003 -14"><span class='ocrx_word' id='word_1_43' title='bbox 153 696 289 752; x_wconf 80' lang='lat' dir='ltr'>Quod</span> <span class='ocrx_word' id='word_1_44' title='bbox 312 693 532 750; x_wconf 90' lang='lat' dir='ltr'>Magistro</span> <span class='ocrx_word' id='word_1_45' title='bbox 568 693 604 734; x_wconf 92' lang='lat' dir='ltr'>F</span> <span class='ocrx_word' id='word_1_46' title='bbox 607 691 810 734; x_wconf 91' lang='lat' dir='ltr'>rancisco</span> <span class='ocrx_word' id='word_1_47' title='bbox 839 693 971 735; x_wconf 90' lang='lat' dir='ltr'>detur</span> <span class='ocrx_word' id='word_1_48' title='bbox 1000 693 1190 736; x_wconf 82' lang='lat' dir='ltr'>facultas</span> <span class='ocrx_word' id='word_1_49' title='bbox 1219 692 1481 736; x_wconf 88' lang='lat' dir='ltr'>absolvendi</span> <span class='ocrx_word' id='word_1_50' title='bbox 1509 693 1554 734; x_wconf 89' lang='lat' dir='ltr'>in</span> <span class='ocrx_word' id='word_1_51' title='bbox 1576 692 1692 735; x_wconf 70' lang='lat' dir='ltr'>casi-</span> 
     </span>
     <span class='ocr_line' id='line_1_8' title="bbox 64 768 1691 821; baseline -0.004 -4"><span class='ocrx_word' id='word_1_52' title='bbox 64 776 148 817; x_wconf 88' lang='lat' dir='ltr'>bus</span> <span class='ocrx_word' id='word_1_53' title='bbox 173 773 329 816; x_wconf 86' lang='lat' dir='ltr'>Bullae</span> <span class='ocrx_word' id='word_1_54' title='bbox 346 784 513 814; x_wconf 89' lang='lat' dir='ltr'>coenae</span> <span class='ocrx_word' id='word_1_55' title='bbox 531 768 730 821; x_wconf 91' lang='lat' dir='ltr'>Domini,</span> <span class='ocrx_word' id='word_1_56' title='bbox 750 775 795 811; x_wconf 91' lang='lat' dir='ltr'>et</span> <span class='ocrx_word' id='word_1_57' title='bbox 812 770 1015 812; x_wconf 85' lang='lat' dir='ltr'>conferre</span> <span class='ocrx_word' id='word_1_58' title='bbox 1034 769 1130 812; x_wconf 88' lang='lat' dir='ltr'>aliis</span> <span class='ocrx_word' id='word_1_59' title='bbox 1147 769 1320 813; x_wconf 89' lang='lat' dir='ltr'>idoneis</span> <span class='ocrx_word' id='word_1_60' title='bbox 1337 770 1526 814; x_wconf 90' lang='lat' dir='ltr'>eandem</span> <span class='ocrx_word' id='word_1_61' title='bbox 1550 770 1691 812; x_wconf 82' lang='lat' dir='ltr'>facul-</span> 
     </span>
     <span class='ocr_line' id='line_1_9' title="bbox 66 845 1694 903; baseline -0.003 -9"><span class='ocrx_word' id='word_1_62' title='bbox 66 858 221 903; x_wconf 84' lang='lat' dir='ltr'>tatem,</span> <span class='ocrx_word' id='word_1_63' title='bbox 242 863 345 891; x_wconf 90' lang='lat' dir='ltr'>cum</span> <span class='ocrx_word' id='word_1_64' title='bbox 364 862 444 903; x_wconf 88' lang='lat' dir='ltr'>per</span> <span class='ocrx_word' id='word_1_65' title='bbox 460 845 689 889; x_wconf 82' lang='lat' dir='ltr'>sexdecim</span> <span class='ocrx_word' id='word_1_66' title='bbox 707 845 828 889; x_wconf 89' lang='lat' dir='ltr'>mille</span> <span class='ocrx_word' id='word_1_67' title='bbox 850 845 1054 889; x_wconf 90' lang='lat' dir='ltr'>milliaria</span> <span class='ocrx_word' id='word_1_68' title='bbox 1075 862 1101 890; x_wconf 91' lang='lat' dir='ltr'>a</span> <span class='ocrx_word' id='word_1_69' title='bbox 1123 847 1253 890; x_wconf 89' lang='lat' dir='ltr'>nobis</span> <span class='ocrx_word' id='word_1_70' title='bbox 1270 846 1455 900; x_wconf 89' lang='lat' dir='ltr'>distent,</span> <span class='ocrx_word' id='word_1_71' title='bbox 1476 853 1521 889; x_wconf 89' lang='lat' dir='ltr'>et</span> <span class='ocrx_word' id='word_1_72' title='bbox 1539 847 1595 889; x_wconf 89' lang='lat' dir='ltr'>ad</span> <span class='ocrx_word' id='word_1_73' title='bbox 1611 861 1694 889; x_wconf 88' lang='lat' dir='ltr'>nos</span> 
     </span>
     <span class='ocr_line' id='line_1_10' title="bbox 68 927 548 979; baseline -0.013 -8"><span class='ocrx_word' id='word_1_74' title='bbox 68 927 283 971; x_wconf 86' lang='lat' dir='ltr'>accedere</span> <span class='ocrx_word' id='word_1_75' title='bbox 304 930 548 979; x_wconf 85' lang='lat' dir='ltr'>nequeant.</span> 
     </span>
    </p>

    <p class='ocr_par' dir='ltr' id='par_1_4' title="bbox 0 998 1696 1215">
     <span class='ocr_line' id='line_1_11' title="bbox 152 998 1693 1056; baseline -0.003 -9"><span class='ocrx_word' id='word_1_76' title='bbox 152 1005 215 1048; x_wconf 92' lang='lat' dir='ltr'>Ut</span> <span class='ocrx_word' id='word_1_77' title='bbox 231 1002 488 1045; x_wconf 88' lang='lat' dir='ltr'>sacerdotes</span> <span class='ocrx_word' id='word_1_78' title='bbox 510 999 686 1056; x_wconf 86' lang='lat' dir='ltr'>possint</span> <span class='ocrx_word' id='word_1_79' title='bbox 708 998 870 1043; x_wconf 89' lang='lat' dir='ltr'>diebus</span> <span class='ocrx_word' id='word_1_80' title='bbox 891 999 1128 1043; x_wconf 86' lang='lat' dir='ltr'>dominicis</span> <span class='ocrx_word' id='word_1_81' title='bbox 1157 1007 1203 1043; x_wconf 93' lang='lat' dir='ltr'>et</span> <span class='ocrx_word' id='word_1_82' title='bbox 1233 1000 1405 1044; x_wconf 86' lang='lat' dir='ltr'>festivis</span> <span class='ocrx_word' id='word_1_83' title='bbox 1428 1000 1532 1056; x_wconf 92' lang='lat' dir='ltr'>plus</span> <span class='ocrx_word' id='word_1_84' title='bbox 1559 1015 1693 1055; x_wconf 88' lang='lat' dir='ltr'>quam</span> 
     </span>
     <span class='ocr_line' id='line_1_12' title="bbox 0 1075 1696 1133; baseline 0 -13"><span class='ocrx_word' id='word_1_85' title='bbox 0 1115 1 1120; x_wconf 73' lang='grc'>,</span> <span class='ocrx_word' id='word_1_86' title='bbox 67 1081 204 1124; x_wconf 88' lang='lat' dir='ltr'>semel</span> <span class='ocrx_word' id='word_1_87' title='bbox 226 1079 470 1129; x_wconf 87' lang='lat' dir='ltr'>celebrare,</span> <span class='ocrx_word' id='word_1_88' title='bbox 491 1084 673 1132; x_wconf 87' lang='lat' dir='ltr'>propter</span> <span class='ocrx_word' id='word_1_89' title='bbox 690 1075 917 1118; x_wconf 90' lang='lat' dir='ltr'>raritatem</span> <span class='ocrx_word' id='word_1_90' title='bbox 936 1078 1219 1120; x_wconf 84' lang='lat' dir='ltr'>sacerdotum</span> <span class='ocrx_word' id='word_1_91' title='bbox 1243 1085 1288 1121; x_wconf 89' lang='lat' dir='ltr'>et</span> <span class='ocrx_word' id='word_1_92' title='bbox 1305 1092 1596 1121; x_wconf 82' lang='lat' dir='ltr'>numerosum</span> <span class='ocrx_word' id='word_1_93' title='bbox 1614 1092 1696 1133; x_wconf 92' lang='lat' dir='ltr'>po-</span> 
     </span>
     <span class='ocr_line' id='line_1_13' title="bbox 70 1158 240 1215; baseline -0.006 -15"><span class='ocrx_word' id='word_1_94' title='bbox 70 1158 240 1215; x_wconf 91' lang='lat' dir='ltr'>pulum.</span> 
     </span>
    </p>

    <p class='ocr_par' dir='ltr' id='par_1_5' title="bbox 69 1229 1700 1584">
     <span class='ocr_line' id='line_1_14' title="bbox 156 1229 1696 1289; baseline -0.001 -14"><span class='ocrx_word' id='word_1_95' title='bbox 156 1230 544 1289; x_wconf 80' lang='lat' dir='ltr'>Quadragesimae</span> <span class='ocrx_word' id='word_1_96' title='bbox 565 1229 926 1272; x_wconf 86' lang='lat' dir='ltr'>observationem</span> <span class='ocrx_word' id='word_1_97' title='bbox 944 1229 989 1271; x_wconf 90' lang='lat' dir='ltr'>in</span> <span class='ocrx_word' id='word_1_98' title='bbox 1007 1229 1128 1272; x_wconf 91' lang='lat' dir='ltr'>aliud</span> <span class='ocrx_word' id='word_1_99' title='bbox 1147 1237 1325 1286; x_wconf 86' lang='lat' dir='ltr'>tempus</span> <span class='ocrx_word' id='word_1_100' title='bbox 1343 1229 1627 1284; x_wconf 86' lang='lat' dir='ltr'>commutari,</span> <span class='ocrx_word' id='word_1_101' title='bbox 1643 1244 1696 1273; x_wconf 87' lang='lat' dir='ltr'>ea</span> 
     </span>
     <span class='ocr_line' id='line_1_15' title="bbox 70 1306 1699 1363; baseline -0.002 -9"><span class='ocrx_word' id='word_1_102' title='bbox 70 1310 260 1353; x_wconf 88' lang='lat' dir='ltr'>maxime</span> <span class='ocrx_word' id='word_1_103' title='bbox 282 1308 471 1361; x_wconf 90' lang='lat' dir='ltr'>ratione,</span> <span class='ocrx_word' id='word_1_104' title='bbox 496 1307 617 1362; x_wconf 92' lang='lat' dir='ltr'>quod</span> <span class='ocrx_word' id='word_1_105' title='bbox 641 1314 840 1362; x_wconf 87' lang='lat' dir='ltr'>tempore</span> <span class='ocrx_word' id='word_1_106' title='bbox 862 1306 1037 1361; x_wconf 89' lang='lat' dir='ltr'>hyemis</span> <span class='ocrx_word' id='word_1_107' title='bbox 1064 1308 1185 1362; x_wconf 89' lang='lat' dir='ltr'>apud</span> <span class='ocrx_word' id='word_1_108' title='bbox 1212 1321 1298 1349; x_wconf 90' lang='lat' dir='ltr'>nos</span> <span class='ocrx_word' id='word_1_109' title='bbox 1326 1306 1411 1350; x_wconf 92' lang='lat' dir='ltr'>illis</span> <span class='ocrx_word' id='word_1_110' title='bbox 1440 1306 1498 1349; x_wconf 91' lang='lat' dir='ltr'>sit</span> <span class='ocrx_word' id='word_1_111' title='bbox 1520 1314 1699 1363; x_wconf 88' lang='lat' dir='ltr'>tempus</span> 
     </span>
     <span class='ocr_line' id='line_1_16' title="bbox 69 1382 1698 1441; baseline -0.004 -10"><span class='ocrx_word' id='word_1_112' title='bbox 69 1386 238 1439; x_wconf 88' lang='lat' dir='ltr'>estatis,</span> <span class='ocrx_word' id='word_1_113' title='bbox 264 1400 354 1441; x_wconf 93' lang='lat' dir='ltr'>quo</span> <span class='ocrx_word' id='word_1_114' title='bbox 377 1392 593 1440; x_wconf 86' lang='lat' dir='ltr'>tempore,</span> <span class='ocrx_word' id='word_1_115' title='bbox 619 1398 722 1426; x_wconf 89' lang='lat' dir='ltr'>cum</span> <span class='ocrx_word' id='word_1_116' title='bbox 746 1382 807 1425; x_wconf 90' lang='lat' dir='ltr'>illi</span> <span class='ocrx_word' id='word_1_117' title='bbox 836 1383 1052 1439; x_wconf 83' lang='lat' dir='ltr'>navigare</span> <span class='ocrx_word' id='word_1_118' title='bbox 1074 1384 1264 1436; x_wconf 89' lang='lat' dir='ltr'>soleant,</span> <span class='ocrx_word' id='word_1_119' title='bbox 1291 1383 1698 1440; x_wconf 77' lang='lat' dir='ltr'>Quadragesimam</span> 
     </span>
     <span class='ocr_line' id='line_1_17' title="bbox 69 1460 1700 1516; baseline -0.003 -8"><span class='ocrx_word' id='word_1_120' title='bbox 69 1478 172 1508; x_wconf 87' lang='lat' dir='ltr'>essu</span> <span class='ocrx_word' id='word_1_121' title='bbox 194 1462 396 1506; x_wconf 90' lang='lat' dir='ltr'>carnium</span> <span class='ocrx_word' id='word_1_122' title='bbox 418 1461 588 1503; x_wconf 91' lang='lat' dir='ltr'>violant</span> <span class='ocrx_word' id='word_1_123' title='bbox 610 1467 655 1504; x_wconf 86' lang='lat' dir='ltr'>et</span> <span class='ocrx_word' id='word_1_124' title='bbox 677 1461 801 1502; x_wconf 92' lang='lat' dir='ltr'>nullo</span> <span class='ocrx_word' id='word_1_125' title='bbox 818 1460 951 1502; x_wconf 91' lang='lat' dir='ltr'>modo</span> <span class='ocrx_word' id='word_1_126' title='bbox 969 1460 1227 1513; x_wconf 83' lang='lat' dir='ltr'>observant3</span> <span class='ocrx_word' id='word_1_127' title='bbox 1248 1461 1321 1504; x_wconf 92' lang='lat' dir='ltr'>vel</span> <span class='ocrx_word' id='word_1_128' title='bbox 1338 1460 1425 1503; x_wconf 93' lang='lat' dir='ltr'>alio</span> <span class='ocrx_word' id='word_1_129' title='bbox 1442 1461 1578 1503; x_wconf 90' lang='lat' dir='ltr'>modo</span> <span class='ocrx_word' id='word_1_130' title='bbox 1596 1475 1700 1516; x_wconf 91' lang='lat' dir='ltr'>pro-</span> 
     </span>
     <span class='ocr_line' id='line_1_18' title="bbox 72 1537 724 1584; baseline -0.008 0"><span class='ocrx_word' id='word_1_131' title='bbox 72 1540 278 1584; x_wconf 86' lang='lat' dir='ltr'>videatur</span> <span class='ocrx_word' id='word_1_132' title='bbox 300 1538 434 1582; x_wconf 90' lang='lat' dir='ltr'>saluti</span> <span class='ocrx_word' id='word_1_133' title='bbox 456 1537 724 1580; x_wconf 90' lang='lat' dir='ltr'>animarum.</span> 
     </span>
    </p>

    <p class='ocr_par' dir='ltr' id='par_1_6' title="bbox 74 1613 1702 1738">
     <span class='ocr_line' id='line_1_19' title="bbox 161 1613 1701 1673; baseline -0.001 -14"><span class='ocrx_word' id='word_1_134' title='bbox 161 1617 299 1673; x_wconf 77' lang='lat' dir='ltr'>Quod</span> <span class='ocrx_word' id='word_1_135' title='bbox 320 1615 585 1672; x_wconf 86' lang='lat' dir='ltr'>Episcopus,</span> <span class='ocrx_word' id='word_1_136' title='bbox 612 1614 690 1669; x_wconf 90' lang='lat' dir='ltr'>qui</span> <span class='ocrx_word' id='word_1_137' title='bbox 713 1613 874 1656; x_wconf 89' lang='lat' dir='ltr'>unicus</span> <span class='ocrx_word' id='word_1_138' title='bbox 898 1621 965 1658; x_wconf 88' lang='lat' dir='ltr'>est</span> <span class='ocrx_word' id='word_1_139' title='bbox 983 1615 1102 1670; x_wconf 90' lang='lat' dir='ltr'>apud</span> <span class='ocrx_word' id='word_1_140' title='bbox 1125 1614 1273 1666; x_wconf 90' lang='lat' dir='ltr'>indos,</span> <span class='ocrx_word' id='word_1_141' title='bbox 1294 1613 1436 1669; x_wconf 87' lang='lat' dir='ltr'>possit</span> <span class='ocrx_word' id='word_1_142' title='bbox 1452 1615 1701 1668; x_wconf 82' lang='lat' dir='ltr'>subrogare</span> 
     </span>
     <span class='ocr_line' id='line_1_20' title="bbox 74 1690 1702 1738; baseline -0.002 -1"><span class='ocrx_word' id='word_1_143' title='bbox 74 1694 182 1738; x_wconf 92' lang='lat' dir='ltr'>alios</span> <span class='ocrx_word' id='word_1_144' title='bbox 203 1694 249 1736; x_wconf 91' lang='lat' dir='ltr'>in</span> <span class='ocrx_word' id='word_1_145' title='bbox 270 1691 605 1736; x_wconf 88' lang='lat' dir='ltr'>distantissimis</span> <span class='ocrx_word' id='word_1_146' title='bbox 626 1690 737 1734; x_wconf 90' lang='lat' dir='ltr'>locis</span> <span class='ocrx_word' id='word_1_147' title='bbox 760 1691 815 1733; x_wconf 91' lang='lat' dir='ltr'>ad</span> <span class='ocrx_word' id='word_1_148' title='bbox 837 1692 1164 1735; x_wconf 85' lang='lat' dir='ltr'>conserendum</span> <span class='ocrx_word' id='word_1_149' title='bbox 1182 1698 1514 1734; x_wconf 88' lang='lat' dir='ltr'>sacramentum</span> <span class='ocrx_word' id='word_1_150' title='bbox 1532 1691 1702 1733; x_wconf 90' lang='lat' dir='ltr'>confir-</span> 
     </span>
    </p>

    <p class='ocr_par' dir='ltr' id='par_1_7' title="bbox 78 1771 300 1815">
     <span class='ocr_line' id='line_1_21' title="bbox 78 1771 300 1815; baseline -0.009 0"><span class='ocrx_word' id='word_1_151' title='bbox 78 1771 300 1815; x_wconf 89' lang='lat' dir='ltr'>mationis.</span> 
     </span>
    </p>

    <p class='ocr_par' dir='ltr' id='par_1_8' title="bbox 62 1843 1706 2198">
     <span class='ocr_line' id='line_1_22' title="bbox 165 1843 1702 1901; baseline -0.003 -11"><span class='ocrx_word' id='word_1_152' title='bbox 165 1847 311 1891; x_wconf 89' lang='lat' dir='ltr'>Etiam</span> <span class='ocrx_word' id='word_1_153' title='bbox 333 1846 573 1889; x_wconf 84' lang='lat' dir='ltr'>nonnullas</span> <span class='ocrx_word' id='word_1_154' title='bbox 595 1845 704 1888; x_wconf 91' lang='lat' dir='ltr'>alias</span> <span class='ocrx_word' id='word_1_155' title='bbox 727 1846 980 1897; x_wconf 83' lang='lat' dir='ltr'>facultates,</span> <span class='ocrx_word' id='word_1_156' title='bbox 1007 1859 1118 1901; x_wconf 90' lang='lat' dir='ltr'>quas</span> <span class='ocrx_word' id='word_1_157' title='bbox 1140 1846 1188 1889; x_wconf 90' lang='lat' dir='ltr'>S.</span> <span class='ocrx_word' id='word_1_158' title='bbox 1210 1847 1267 1888; x_wconf 89' lang='lat' dir='ltr'>D.</span> <span class='ocrx_word' id='word_1_159' title='bbox 1289 1846 1346 1888; x_wconf 89' lang='lat' dir='ltr'>N.</span> <span class='ocrx_word' id='word_1_160' title='bbox 1373 1844 1548 1887; x_wconf 88' lang='lat' dir='ltr'>curabit</span> <span class='ocrx_word' id='word_1_161' title='bbox 1570 1843 1702 1887; x_wconf 92' lang='lat' dir='ltr'>alicui</span> 
     </span>
     <span class='ocr_line' id='line_1_23' title="bbox 77 1921 1704 1978; baseline -0.003 -10"><span class='ocrx_word' id='word_1_162' title='bbox 77 1923 370 1976; x_wconf 88' lang='lat' dir='ltr'>committere,</span> <span class='ocrx_word' id='word_1_163' title='bbox 391 1930 441 1965; x_wconf 92' lang='lat' dir='ltr'>ut</span> <span class='ocrx_word' id='word_1_164' title='bbox 462 1922 508 1964; x_wconf 94' lang='lat' dir='ltr'>in</span> <span class='ocrx_word' id='word_1_165' title='bbox 525 1921 783 1978; x_wconf 88' lang='lat' dir='ltr'>particulari</span> <span class='ocrx_word' id='word_1_166' title='bbox 799 1921 1113 1964; x_wconf 87' lang='lat' dir='ltr'>examinentur</span> <span class='ocrx_word' id='word_1_167' title='bbox 1134 1922 1207 1966; x_wconf 90' lang='lat' dir='ltr'>vel</span> <span class='ocrx_word' id='word_1_168' title='bbox 1230 1922 1428 1965; x_wconf 90' lang='lat' dir='ltr'>referant</span> <span class='ocrx_word' id='word_1_169' title='bbox 1451 1936 1499 1964; x_wconf 92' lang='lat' dir='ltr'>se</span> <span class='ocrx_word' id='word_1_170' title='bbox 1521 1922 1576 1963; x_wconf 89' lang='lat' dir='ltr'>ad</span> <span class='ocrx_word' id='word_1_171' title='bbox 1599 1935 1704 1964; x_wconf 91' lang='lat' dir='ltr'>con-</span> 
     </span>
     <span class='ocr_line' id='line_1_24' title="bbox 77 1997 1705 2055; baseline -0.004 -10"><span class='ocrx_word' id='word_1_172' title='bbox 77 2000 306 2046; x_wconf 83' lang='lat' dir='ltr'>scientiam</span> <span class='ocrx_word' id='word_1_173' title='bbox 329 1999 438 2042; x_wconf 89' lang='lat' dir='ltr'>dicti</span> <span class='ocrx_word' id='word_1_174' title='bbox 462 1998 670 2055; x_wconf 83' lang='lat' dir='ltr'>Magistri</span> <span class='ocrx_word' id='word_1_175' title='bbox 693 1997 877 2052; x_wconf 91' lang='lat' dir='ltr'>Xavier,</span> <span class='ocrx_word' id='word_1_176' title='bbox 904 1997 1010 2043; x_wconf 75' lang='lat' dir='ltr'>S‚mi</span> <span class='ocrx_word' id='word_1_177' title='bbox 1028 2000 1086 2041; x_wconf 90' lang='lat' dir='ltr'>D.</span> <span class='ocrx_word' id='word_1_178' title='bbox 1109 2000 1166 2042; x_wconf 93' lang='lat' dir='ltr'>N.</span> <span class='ocrx_word' id='word_1_179' title='bbox 1187 1998 1334 2041; x_wconf 91' lang='lat' dir='ltr'>nuntii</span> <span class='ocrx_word' id='word_1_180' title='bbox 1352 1999 1472 2054; x_wconf 87' lang='lat' dir='ltr'>apud</span> <span class='ocrx_word' id='word_1_181' title='bbox 1488 1997 1634 2052; x_wconf 90' lang='lat' dir='ltr'>indos,</span> <span class='ocrx_word' id='word_1_182' title='bbox 1655 2003 1705 2040; x_wconf 92' lang='lat' dir='ltr'>ut</span> 
     </span>
     <span class='ocr_line' id='line_1_25' title="bbox 62 2073 1706 2131; baseline -0.001 -13"><span class='ocrx_word' id='word_1_183' title='bbox 62 2077 123 2121; x_wconf 69' lang='lat' dir='ltr'>,in</span> <span class='ocrx_word' id='word_1_184' title='bbox 143 2077 352 2121; x_wconf 90' lang='lat' dir='ltr'>omnibus</span> <span class='ocrx_word' id='word_1_185' title='bbox 373 2075 458 2119; x_wconf 85' lang='lat' dir='ltr'>Dei</span> <span class='ocrx_word' id='word_1_186' title='bbox 481 2075 625 2131; x_wconf 88' lang='lat' dir='ltr'>gloria</span> <span class='ocrx_word' id='word_1_187' title='bbox 647 2081 981 2130; x_wconf 86' lang='lat' dir='ltr'>promoveatur,</span> <span class='ocrx_word' id='word_1_188' title='bbox 1007 2082 1052 2117; x_wconf 89' lang='lat' dir='ltr'>et</span> <span class='ocrx_word' id='word_1_189' title='bbox 1074 2075 1194 2118; x_wconf 91' lang='lat' dir='ltr'>illius</span> <span class='ocrx_word' id='word_1_190' title='bbox 1223 2074 1420 2131; x_wconf 79' lang='lat' dir='ltr'>regionis</span> <span class='ocrx_word' id='word_1_191' title='bbox 1448 2073 1706 2117; x_wconf 91' lang='lat' dir='ltr'>hominibus</span> 
     </span>
     <span class='ocr_line' id='line_1_26' title="bbox 79 2155 358 2198; baseline -0.007 0"><span class='ocrx_word' id='word_1_192' title='bbox 79 2155 358 2198; x_wconf 83' lang='lat' dir='ltr'>consulatur.</span> 
     </span>
    </p>
   </div>
   <div class='ocr_carea' id='block_1_3' title="bbox 540 2326 1247 2367">
    <p class='ocr_par' dir='ltr' id='par_1_9' title="bbox 540 2326 1247 2367">
     <span class='ocr_line' id='line_1_27' title="bbox 540 2326 1247 2367; baseline -0.001 0"><span class='ocrx_word' id='word_1_193' title='bbox 540 2338 599 2367; x_wconf 83' lang='lat' dir='ltr'>LA</span> <span class='ocrx_word' id='word_1_194' title='bbox 630 2337 793 2367; x_wconf 88' lang='lat' dir='ltr'>SUMMA</span> <span class='ocrx_word' id='word_1_195' title='bbox 824 2337 979 2366; x_wconf 85' lang='lat' dir='ltr'>DELLE</span> <span class='ocrx_word' id='word_1_196' title='bbox 1007 2337 1186 2367; x_wconf 84' lang='lat' dir='ltr'><strong>GRATIE</strong></span> <span class='ocrx_word' id='word_1_197' title='bbox 1218 2326 1247 2366; x_wconf 91' lang='lat'>⁷.</span> 
     </span>
    </p>
   </div>
   <div class='ocr_carea' id='block_1_4' title="bbox 87 2459 1711 2658">
    <p class='ocr_par' dir='ltr' id='par_1_10' title="bbox 87 2459 1711 2658">
     <span class='ocr_line' id='line_1_28' title="bbox 175 2459 1710 2516; baseline -0.001 -11"><span class='ocrx_word' id='word_1_198' title='bbox 175 2475 211 2505; x_wconf 93' lang='lat'>1.</span> <span class='ocrx_word' id='word_1_199' title='bbox 276 2463 319 2504; x_wconf 92' lang='lat' dir='ltr'><strong>A</strong></span> <span class='ocrx_word' id='word_1_200' title='bbox 342 2460 448 2503; x_wconf 87' lang='lat' dir='ltr'>tutti</span> <span class='ocrx_word' id='word_1_201' title='bbox 476 2459 630 2516; x_wconf 91' lang='lat' dir='ltr'>quelli,</span> <span class='ocrx_word' id='word_1_202' title='bbox 656 2473 744 2514; x_wconf 92' lang='lat' dir='ltr'>que</span> <span class='ocrx_word' id='word_1_203' title='bbox 773 2474 820 2502; x_wconf 86' lang='lat' dir='ltr'>se</span> <span class='ocrx_word' id='word_1_204' title='bbox 849 2460 1200 2503; x_wconf 88' lang='lat' dir='ltr'>confessaranno</span> <span class='ocrx_word' id='word_1_205' title='bbox 1229 2474 1254 2503; x_wconf 89' lang='lat' dir='ltr'>e</span> <span class='ocrx_word' id='word_1_206' title='bbox 1283 2460 1710 2504; x_wconf 90' lang='lat' dir='ltr'>communicaranno</span> 
     </span>
     <span class='ocr_line' id='line_1_29' title="bbox 87 2536 1711 2596; baseline 0 -14"><span class='ocrx_word' id='word_1_207' title='bbox 87 2539 148 2596; x_wconf 82' lang='lat' dir='ltr'>gli</span> <span class='ocrx_word' id='word_1_208' title='bbox 168 2539 213 2581; x_wconf 91' lang='lat' dir='ltr'>di</span> <span class='ocrx_word' id='word_1_209' title='bbox 233 2539 290 2581; x_wconf 82' lang='lat' dir='ltr'>de</span> <span class='ocrx_word' id='word_1_210' title='bbox 311 2539 405 2582; x_wconf 86' lang='lat' dir='ltr'>S.t0</span> <span class='ocrx_word' id='word_1_211' title='bbox 433 2539 608 2580; x_wconf 89' lang='lat' dir='ltr'>Thoma</span> <span class='ocrx_word' id='word_1_212' title='bbox 630 2537 834 2591; x_wconf 87' lang='lat' dir='ltr'>apostolo</span> <span class='ocrx_word' id='word_1_213' title='bbox 851 2550 877 2578; x_wconf 86' lang='lat' dir='ltr'>o</span> <span class='ocrx_word' id='word_1_214' title='bbox 894 2536 940 2578; x_wconf 93' lang='lat' dir='ltr'>in</span> <span class='ocrx_word' id='word_1_215' title='bbox 957 2536 997 2578; x_wconf 93' lang='lat' dir='ltr'>le</span> <span class='ocrx_word' id='word_1_216' title='bbox 1015 2550 1096 2578; x_wconf 89' lang='lat' dir='ltr'>sue</span> <span class='ocrx_word' id='word_1_217' title='bbox 1118 2543 1293 2590; x_wconf 88' lang='lat' dir='ltr'>octave,</span> <span class='ocrx_word' id='word_1_218' title='bbox 1313 2536 1598 2594; x_wconf 89' lang='lat' dir='ltr'>indulgentia</span> <span class='ocrx_word' id='word_1_219' title='bbox 1615 2538 1711 2594; x_wconf 86' lang='lat' dir='ltr'>ple-</span> 
     </span>
     <span class='ocr_line' id='line_1_30' title="bbox 87 2629 223 2658; baseline 0 0"><span class='ocrx_word' id='word_1_220' title='bbox 87 2629 223 2658; x_wconf 86' lang='lat' dir='ltr'>nana.</span> 
     </span>
    </p>
   </div>
   <div class='ocr_carea' id='block_1_5' title="bbox 103 2708 357 2714">
    <p class='ocr_par' dir='ltr' id='par_1_11' title="bbox 103 2708 357 2714">
     <span class='ocr_line' id='line_1_31' title="bbox 103 2708 357 2714; baseline 0 0"><span class='ocrx_word' id='word_1_221' title='bbox 103 2708 357 2714; x_wconf 95' lang='lat' dir='ltr'> </span> 
     </span>
    </p>
   </div>
   <div class='ocr_carea' id='block_1_6' title="bbox 88 2760 1713 2925">
    <p class='ocr_par' dir='ltr' id='par_1_12' title="bbox 88 2760 1713 2924">
     <span class='ocr_line' id='line_1_32' title="bbox 97 2760 1713 2809; baseline 0.002 -14"><span class='ocrx_word' id='word_1_222' title='bbox 97 2785 107 2795; x_wconf 56' lang='lat'><em>1</em></span> <span class='ocrx_word' id='word_1_223' title='bbox 152 2762 168 2785; x_wconf 78' lang='lat'><strong>⁶</strong></span> <span class='ocrx_word' id='word_1_224' title='bbox 214 2763 272 2797; x_wconf 88' lang='lat' dir='ltr'>Ex</span> <span class='ocrx_word' id='word_1_225' title='bbox 290 2761 585 2808; x_wconf 88' lang='lat' dir='ltr'>apograph0,1n</span> <span class='ocrx_word' id='word_1_226' title='bbox 615 2760 749 2796; x_wconf 88' lang='lat' dir='ltr'>codiee</span> <span class='ocrx_word' id='word_1_227' title='bbox 781 2761 933 2796; x_wconf 81' lang='lat' dir='ltr'>Brevia</span> <span class='ocrx_word' id='word_1_228' title='bbox 958 2763 995 2795; x_wconf 80' lang='lat' dir='ltr'>et</span> <span class='ocrx_word' id='word_1_229' title='bbox 1013 2761 1208 2808; x_wconf 78' lang='lat' dir='ltr'>rescripta</span> <span class='ocrx_word' id='word_1_230' title='bbox 1227 2763 1475 2808; x_wconf 80' lang='lat' dir='ltr'>antiquiora,</span> <span class='ocrx_word' id='word_1_231' title='bbox 1503 2775 1594 2809; x_wconf 85' lang='lat' dir='ltr'>pag.</span> <span class='ocrx_word' id='word_1_232' title='bbox 1618 2763 1654 2807; x_wconf 89' lang='lat'>6,</span> <span class='ocrx_word' id='word_1_233' title='bbox 1675 2763 1713 2798; x_wconf 89' lang='lat' dir='ltr'>in</span> 
     </span>
     <span class='ocr_line' id='line_1_33' title="bbox 88 2818 1713 2867; baseline 0.001 -11"><span class='ocrx_word' id='word_1_234' title='bbox 88 2821 267 2857; x_wconf 76' lang='lat' dir='ltr'>schedula</span> <span class='ocrx_word' id='word_1_235' title='bbox 285 2821 465 2867; x_wconf 88' lang='lat' dir='ltr'>adjuncta</span> <span class='ocrx_word' id='word_1_236' title='bbox 483 2819 600 2855; x_wconf 87' lang='lat' dir='ltr'>Brevi</span> <span class='ocrx_word' id='word_1_237' title='bbox 619 2819 728 2854; x_wconf 91' lang='lat' dir='ltr'>Pauli</span> <span class='ocrx_word' id='word_1_238' title='bbox 747 2819 819 2865; x_wconf 88' lang='grc' dir='ltr'>ΙΙΙ,</span> <span class='ocrx_word' id='word_1_239' title='bbox 848 2818 949 2854; x_wconf 89' lang='lat' dir='ltr'>Cum</span> <span class='ocrx_word' id='word_1_240' title='bbox 974 2821 1088 2863; x_wconf 80' lang='lat' dir='ltr'>sicut,</span> <span class='ocrx_word' id='word_1_241' title='bbox 1118 2828 1139 2854; x_wconf 85' lang='lat'><strong>2</strong></span> <span class='ocrx_word' id='word_1_242' title='bbox 1164 2820 1267 2866; x_wconf 85' lang='lat' dir='ltr'>Aug.</span> <span class='ocrx_word' id='word_1_243' title='bbox 1297 2829 1388 2866; x_wconf 83' lang='lat'>1540</span> <span class='ocrx_word' id='word_1_244' title='bbox 1412 2821 1517 2857; x_wconf 80' lang='lat' dir='ltr'>dato.</span> <span class='ocrx_word' id='word_1_245' title='bbox 1549 2822 1713 2858; x_wconf 87' lang='lat' dir='ltr'>Videtur</span> 
     </span>
     <span class='ocr_line' id='line_1_34' title="bbox 89 2877 912 2925; baseline -0.001 -12"><span class='ocrx_word' id='word_1_246' title='bbox 89 2879 353 2925; x_wconf 75' lang='lat' dir='ltr'>praecedentis</span> <span class='ocrx_word' id='word_1_247' title='bbox 371 2879 608 2915; x_wconf 85' lang='lat' dir='ltr'>Memoriale</span> <span class='ocrx_word' id='word_1_248' title='bbox 626 2877 912 2924; x_wconf 89' lang='lat' dir='ltr'>compendium.</span> 
     </span>
    </p>
   </div>
   <div class='ocr_carea' id='block_1_7' title="bbox 73 2936 1715 3045">
    <p class='ocr_par' dir='ltr' id='par_1_13' title="bbox 93 2936 1713 3045">
     <span class='ocr_line' id='line_1_35' title="bbox 97 2936 1713 2987; baseline 0.001 -13"><span class='ocrx_word' id='word_1_249' title='bbox 97 2971 105 2976; x_wconf 80' lang='grc'><strong>,</strong></span> <span class='ocrx_word' id='word_1_250' title='bbox 157 2941 170 2960; x_wconf 78' lang='lat'>&#39;¹</span> <span class='ocrx_word' id='word_1_251' title='bbox 219 2939 277 2974; x_wconf 87' lang='lat' dir='ltr'>Ex</span> <span class='ocrx_word' id='word_1_252' title='bbox 295 2939 530 2985; x_wconf 86' lang='lat' dir='ltr'>apographo,</span> <span class='ocrx_word' id='word_1_253' title='bbox 550 2937 589 2972; x_wconf 89' lang='lat' dir='ltr'>in</span> <span class='ocrx_word' id='word_1_254' title='bbox 607 2936 742 2972; x_wconf 89' lang='lat' dir='ltr'>codice</span> <span class='ocrx_word' id='word_1_255' title='bbox 768 2937 935 2972; x_wconf 83' lang='lat' dir='ltr'>Brevia</span> <span class='ocrx_word' id='word_1_256' title='bbox 945 2941 982 2973; x_wconf 82' lang='lat' dir='ltr'>et</span> <span class='ocrx_word' id='word_1_257' title='bbox 1011 2939 1208 2985; x_wconf 81' lang='lat' dir='ltr'>rescripta</span> <span class='ocrx_word' id='word_1_258' title='bbox 1237 2940 1486 2986; x_wconf 81' lang='lat' dir='ltr'>antiquiora,</span> <span class='ocrx_word' id='word_1_259' title='bbox 1512 2951 1600 2987; x_wconf 85' lang='lat' dir='ltr'>pag.</span> <span class='ocrx_word' id='word_1_260' title='bbox 1619 2948 1655 2985; x_wconf 94' lang='lat'>7,</span> <span class='ocrx_word' id='word_1_261' title='bbox 1674 2940 1713 2975; x_wconf 91' lang='lat' dir='ltr'>in</span> 
     </span>
     <span class='ocr_line' id='line_1_36' title="bbox 73 2993 1715 3045; baseline 0.002 -15.05"><span class='ocrx_word' id='word_1_262' title='bbox 73 2995 272 3032; x_wconf 79' lang='lat' dir='ltr'>schedula</span> <span class='ocrx_word' id='word_1_263' title='bbox 288 2995 468 3043; x_wconf 89' lang='lat' dir='ltr'>quadam.</span> <span class='ocrx_word' id='word_1_264' title='bbox 487 2996 585 3032; x_wconf 91' lang='lat' dir='ltr'>Cum</span> <span class='ocrx_word' id='word_1_265' title='bbox 603 2993 666 3030; x_wconf 91' lang='lat' dir='ltr'>hic</span> <span class='ocrx_word' id='word_1_266' title='bbox 689 2994 900 3040; x_wconf 84' lang='lat' dir='ltr'>gratiarum</span> <span class='ocrx_word' id='word_1_267' title='bbox 918 2997 1118 3042; x_wconf 87' lang='lat' dir='ltr'>catalogus</span> <span class='ocrx_word' id='word_1_268' title='bbox 1143 2996 1292 3033; x_wconf 85' lang='lat' dir='ltr'>auctior</span> <span class='ocrx_word' id='word_1_269' title='bbox 1310 2997 1433 3033; x_wconf 86' lang='lat' dir='ltr'>adhuc</span> <span class='ocrx_word' id='word_1_270' title='bbox 1453 2997 1503 3033; x_wconf 89' lang='lat' dir='ltr'>sit</span> <span class='ocrx_word' id='word_1_271' title='bbox 1526 3010 1641 3045; x_wconf 90' lang='lat' dir='ltr'>quam</span> <span class='ocrx_word' id='word_1_272' title='bbox 1654 3010 1715 3034; x_wconf 88' lang='lat' dir='ltr'>su-</span> 
     </span>
    </p>
   </div>
   <div class='ocr_carea' id='block_1_8' title="bbox 235 3066 1511 3097">
    <p class='ocr_par' dir='ltr' id='par_1_14' title="bbox 235 3066 1511 3097">
     <span class='ocr_line' id='line_1_37' title="bbox 235 3066 1511 3097; baseline -0.002 -2"><span class='ocrx_word' id='word_1_273' title='bbox 235 3066 367 3096; x_wconf 75' lang='lat' dir='ltr'>Momm.</span> <span class='ocrx_word' id='word_1_274' title='bbox 390 3066 480 3095; x_wconf 76' lang='lat' dir='ltr'>XAv.</span> <span class='ocrx_word' id='word_1_275' title='bbox 1475 3070 1511 3097; x_wconf 68' lang='grc'>54</span> 
     </span>
    </p>
   </div>
   <div class='ocr_carea' id='block_1_9' title="bbox 611 3166 628 3184">
    <p class='ocr_par' dir='ltr' id='par_1_15' title="bbox 611 3166 628 3184">
     <span class='ocr_line' id='line_1_38' title="bbox 611 3166 628 3184; baseline 0 0"><span class='ocrx_word' id='word_1_276' title='bbox 611 3166 628 3184; x_wconf 58' lang='grc' dir='ltr'><em>ὀ</em></span> 
     </span>
    </p>
   </div>
  </div>
 </body>
</html>
