2148 3515
434 319 503 345 v111
952 312 1226 348 MONUMENTA
1251 312 1504 347 XAVERIANA

387 413 485 455 loco
508 414 852 468 praestabimus,
878 414 1055 457 illorum
1078 413 1365 457 summariam
1388 413 1593 457 notitiam
1621 413 1694 456 hic
1722 412 2014 469 praemitten-

388 491 490 533 dam
513 490 740 533 duximus.
768 492 904 547 Quod
926 505 1033 534 vero
1056 492 1111 533 ad
1134 491 1346 547 epistolas
1369 506 1394 534 a
1416 490 1546 534 nobis
1574 490 1718 534 editas
1746 489 1923 543 attinet,
1959 506 2016 535 en

388 567 616 624 praecipui
645 567 840 620 codices,
882 567 1046 623 quibus
1084 567 1153 611 usi
1191 582 1363 611 sumus:
1404 572 1452 619 a)
1484 568 1683 611 Codices
1708 569 2016 623 autographo—

390 659 489 686 rum
513 651 557 688 et
580 647 959 700 apographorum,
992 645 1047 687 ad
1078 644 1286 700 antiquas
1314 659 1522 687 romanas
1554 643 1847 687 collectiones
1876 644 2016 700 perti-

390 728 564 765 nentes.
600 722 644 775 ὁ)
681 722 836 764 Codex
872 723 1256 778 autographorum
1295 721 1572 764 collectionis
1602 720 1907 773 Pombalinae,
1939 721 2017 777 qui

390 805 512 841 extat
560 797 606 840 in
649 798 923 842 bibliotheca
966 798 1180 842 nationali
1229 798 1586 854 Ulyssiponensi.
1639 801 1688 853 c)
1733 798 2016 841 Chrono-hi-

391 875 528 918 storia
555 890 636 917 ms.
675 877 727 918 P.
763 875 1017 919 Sebastiani
1045 876 1318 931 Goncalves,
1343 889 1398 917 ex
1429 889 1517 931 qua
1547 878 1599 919 P.
1636 876 1788 920 Souza
1819 889 1900 931 pro
1932 889 2017 918 suo

390 967 525 1007 opere
553 953 738 995 Oriente
760 953 1062 1007 Conquistado
1079 967 1170 994 non
1193 966 1337 1007 pauca
1358 952 1623 1008 desumpsit,
1650 966 1858 1008 quaeque
1887 950 2021 994 simul

392 1043 443 1071 ac
481 1030 570 1071 duo
608 1035 850 1083 sequentes
883 1028 1061 1071 codices
1093 1036 1351 1072 asservatur
1387 1028 1433 1071 in
1470 1028 1744 1072 bibliotheca
1775 1028 1902 1085 regia
1929 1028 2022 1084 pri-

391 1112 495 1148 vata
538 1105 893 1161 Ulyssiponensi.
944 1106 1005 1160 d)
1047 1106 1205 1149 Codex
1248 1105 1500 1149 Macaensis
1522 1138 1531 1158 ,
1576 1121 1632 1149 ex
1674 1105 1880 1161 Collegio
1922 1107 2021 1148 Ma—

393 1182 542 1226 caensi
566 1182 884 1238 Ulyssiponam
906 1182 1085 1225 missus.
1116 1184 1158 1238 e)
1186 1182 1405 1227 Collectio
1433 1182 1683 1225 indicarum
1711 1173 2018 1238 epistolarum,

392 1260 482 1301 duo
499 1258 729 1301 volumina
745 1259 1064 1314 complectens,
1086 1273 1202 1314 quae
1222 1258 1327 1302 olim
1347 1259 1403 1302 ad
1421 1258 1821 1315 Ulyssiponensem
1838 1260 2018 1302 domum

395 1337 648 1379 Professam
671 1337 718 1380 S.
739 1338 781 1393 J.
808 1335 1077 1392 pertinebat.
1095 1337 1149 1394 f)
1177 1336 1396 1381 Collectio
1425 1335 1712 1392 praecedenti
1743 1335 1915 1389 similis,
1941 1335 2020 1379 tri-

394 1415 477 1456 bus
507 1413 808 1456 voluminibus
836 1413 1111 1466 coalescens,
1145 1427 1259 1469 quae
1296 1413 1479 1469 quidem
1517 1413 1573 1457 ad
1605 1414 1835 1458 Eborense
1874 1414 2022 1458 Colle-

393 1491 520 1547 gium
558 1492 605 1535 S.
641 1493 683 1548 J.
725 1490 996 1547 pertinuisse
1032 1497 1312 1547 compertum
1344 1497 1428 1544 est,
1463 1504 1520 1534 ex
1553 1505 1642 1546 qua
1670 1490 1909 1547 desumpta
1938 1490 2023 1534 fuit

393 1567 585 1610 maxima
608 1583 710 1624 pars
732 1568 1021 1624 epistolarum
1044 1568 1206 1625 operis,
1233 1568 1306 1611 cui
1329 1567 1504 1612 titulus:
1535 1569 1722 1612 «Cartas
1743 1582 1832 1623 que
1853 1582 1904 1611 os
1934 1570 2023 1612 Pa-

393 1646 494 1688 dres
516 1659 540 1688 e
563 1646 728 1688 Irmaos
751 1646 807 1688 da
831 1645 1111 1702 Companhia
1132 1646 1190 1690 de
1211 1646 1351 1698 Iesus,
1377 1659 1466 1701 que
1488 1645 1634 1689 andao
1658 1659 1742 1688 nos
1764 1647 1946 1702 Reynos
1963 1645 2021 1690 de

393 1724 526 1778 Iapao
550 1727 814 1766 escreuerao
837 1737 915 1766 aos
937 1723 994 1766 da
1015 1738 1185 1767 mesma
1208 1722 1488 1779 Companhia
1509 1723 1567 1765 da
1595 1722 1736 1776 India,
1768 1738 1794 1767 e
1822 1723 2019 1779 Europa,

393 1799 534 1843 desdo
556 1814 674 1842 anno
697 1800 753 1843 de
782 1810 891 1857 1549
914 1804 986 1844 ate
1009 1815 1035 1844 o
1063 1801 1120 1844 de
1154 1801 1318 1855 1580...
1350 1801 1433 1842 Em
1462 1801 1610 1843 Evora
1642 1814 1723 1856 por
1755 1800 1934 1844 Manoel
1966 1800 2023 1844 de

395 1878 527 1932 Lyra.
556 1877 691 1919 Anno
715 1877 770 1919 de
794 1879 839 1920 M
848 1879 1158 1921 .D.XCV111.»
1182 1880 1240 1934 g)
1262 1876 1481 1921 Collectio
1503 1877 1681 1920 duabus
1709 1875 2023 1933 praecedenti—

395 1954 480 1995 bus
509 1953 680 2006 similis,
721 1954 897 1997 duobus
934 1954 1241 1998 voluminibus
1278 1961 1507 2007 constans,
1548 1969 1698 2010 quam,
1732 1953 1780 1996 ni
1812 1953 2021 2006 fallimur,

397 2029 767 2075 Conimbricense
790 2031 1045 2088 Collegium
1067 2031 1172 2075 olim
1194 2031 1468 2088 possidebat.
1496 2031 1698 2075 Primum
1720 2031 1858 2087 hujus
1884 2030 2025 2075 colle-

397 2107 560 2150 ctionis
596 2108 811 2151 volumen
848 2108 894 2151 in
926 2109 1129 2152 Archivo
1166 2108 1402 2154 ministerii
1430 2107 1719 2166 negotiorum
1750 2114 2024 2169 exterorum,

398 2185 589 2228 alterum
607 2185 652 2227 in
669 2185 943 2231 bibliotheca
964 2186 1194 2240 nationali,
1220 2186 1507 2243 Ulyssipone,
1532 2192 1836 2230 asservantur.
1862 2185 1912 2237 lz)
1940 2187 2027 2228 Va»

399 2263 473 2303 ria
496 2262 721 2315 Historia,
743 2263 800 2307 de
821 2278 909 2319 qua
931 2264 1110 2320 saepius
1132 2264 1178 2307 in
1203 2265 1368 2307 Cartas
1389 2264 1442 2306 de
1463 2263 1559 2306 San
1586 2264 1778 2321 Ignacio
1799 2269 1845 2307 et
1865 2262 1911 2306 in
1928 2262 2028 2306 Mo-

400 2342 616 2381 numenta
638 2339 874 2383 Historica
896 2341 942 2384 S.
962 2341 1009 2398 J.
1037 2342 1155 2385 facta
1176 2348 1245 2385 est
1267 2341 1451 2385 mentio.

487 2417 788 2469 Documenta,
813 2431 930 2472 quae
952 2419 1007 2461 ad
1036 2419 1084 2462 S.
1116 2420 1151 2462 F
1155 2418 1409 2462 ranciscum
1438 2419 1712 2471 referuntur,
1748 2418 1821 2462 vel
1853 2431 1907 2460 ex
1934 2413 2028 2474 jam

402 2492 634 2536 recensitis
671 2493 902 2537 codicibus
945 2494 1325 2551 deprompsimus,
1365 2496 1439 2539 vel
1474 2510 1530 2539 ex
1580 2494 1763 2539 archivo
1813 2494 2027 2539 nationali

403 2569 763 2625 Ulyssiponensi,
790 2569 862 2612 cui
885 2585 1050 2614 nomen
1072 2572 1211 2628 vulgo
1234 2578 1303 2614 est
1333 2573 1472 2614 Torre
1494 2573 1549 2615 do
1578 2574 1618 2615 T
1613 2572 1749 2625 ombo,
1771 2572 1845 2615 vel
1872 2586 1928 2615 ex
1955 2587 2028 2615 ar>-

403 2646 536 2689 chivo
556 2645 792 2699 Vaticano,
807 2647 879 2690 vel
902 2662 957 2690 ex
980 2647 1252 2692 bibliotheca
1275 2649 1531 2693 academiae
1548 2648 1776 2693 Historiae
1792 2649 2029 2694 Matriten-

404 2723 480 2777 sis,
511 2724 583 2767 vel
602 2723 782 2766 tandem
801 2738 855 2766 ex
873 2723 1047 2779 privato
1065 2725 1347 2769 Xaverianae
1363 2727 1527 2769 domus
1545 2726 1749 2779 archivo,
1771 2727 1892 2782 quod
1909 2740 2032 2769 nunc

406 2814 543 2856 penes
566 2802 741 2844 Ducem
774 2801 1004 2843 Granatae
1033 2808 1118 2853 est,
1151 2801 1243 2856 qui,
1276 2817 1356 2857 pro
1385 2817 1467 2845 sua
1489 2802 1769 2847 humanitate
1793 2810 1837 2848 et
1865 2802 1911 2846 in
1938 2804 2033 2846 Xa-

405 2877 578 2920 verium
601 2877 766 2929 studio,
795 2885 1084 2921 monumenta
1107 2893 1210 2931 sua,
1238 2879 1293 2921 ad
1317 2879 1633 2923 illustrandum
1656 2880 1883 2924 Indiarum
1907 2882 2035 2936 Apo-

408 2954 589 3005 stolum,
617 2953 746 2996 nobis
770 2953 1104 3010 promptissimo
1127 2954 1275 2997 animo
1303 2956 1620 3000 commodavit.

498 3032 652 3074 RATIO
689 3044 842 3084 HUJUS
882 3045 1143 3075 EDITIONIS.
1177 3033 1342 3075 Totum
1377 3033 1683 3077 Xaverianum
1717 3049 1832 3091 opus
1859 3035 2036 3078 duabus

411 3107 612 3164 partibus
635 3107 860 3160 coalescit,
887 3122 1076 3162 quarum
1094 3107 1305 3164 priorem,
1325 3123 1442 3164 quae
1458 3109 1504 3152 in
1521 3110 1663 3167 primo
1679 3110 2034 3155 volumine-con-
