2148 3515
468 356 494 381 x
950 345 1223 381 MONUMENTA
1250 345 1503 380 XAvssmANA

424 448 595 490 tuebat:
618 447 956 491 informationes
980 454 1024 490 et
1048 446 1303 491 testimonia
1325 462 1379 490 ex
1397 446 1521 490 India
1538 446 1593 489 ad
1612 460 1767 502 regern
1786 446 2045 491 Lusitaniae

420 524 570 577 missa,
602 538 719 580 quae
741 525 798 569 ad
820 538 1082 581 processum
1114 523 1467 568 Beatificationis
1490 522 1674 567 Xaverii
1698 530 1881 579 possent
1899 523 2044 569 inser-

421 601 530 644 vire:
577 601 858 658 gentilicium
895 609 1100 654 stemma,
1137 616 1216 645 seu
1257 593 1387 644 arbor
1431 600 1727 656 genealogica
1761 600 2044 645 Xaverianae

419 680 602 722 domus:
629 679 916 731 documenta,
944 679 1107 735 quibus
1128 686 1217 721 tam
1235 678 1364 734 origo
1383 679 1542 720 domus
1559 677 1760 731 Xaverii,
1787 678 1918 733 cujus
1939 692 2044 734 pos-

415 756 605 800 sessioni
624 757 866 812 adjunctus
890 764 985 800 erat
1014 756 1172 799 titulus
1202 755 1382 799 Domini
1408 756 1567 811 (Senor
1595 755 1651 797 de
1676 754 1876 811 Xavier),
1910 770 2043 811 quam

419 835 555 890 hujus
584 834 701 877 tituli
721 834 1052 877 transformatio
1075 834 1120 876 in
1144 833 1324 876 titulum
1349 831 1538 876 Comitis
1563 832 1734 889 (Conde
1758 833 1815 876 de
1838 832 2042 888 Xavier),

421 912 802 956 demonstrantur:
835 918 880 955 et
908 912 1049 954 multa
1084 910 1168 953 alia
1196 911 1490 962 documenta,
1523 924 1638 965 quae
1668 924 1759 953 uno
1788 909 1956 953 intuitu
1992 925 2048 953 ex

423 988 573 1032 indice
596 988 796 1045 generali
819 988 949 1031 facile
972 987 1193 1043 quispiam
1223 994 1483 1043 cognoscet.

510 1067 713 1111 Tandem
731 1065 900 1121 aliquot
923 1065 1129 1107 dabimus
1149 1063 1407 1109 fac-similes
1424 1063 1716 1120 epistolarum
1732 1065 1778 1109 S.
1797 1066 1832 1108 F
1835 1063 2042 1119 rancisci',

423 1151 468 1187 et
491 1143 775 1187 Xaverianae
797 1142 947 1199 gentis
963 1150 1152 1186 stemma
1170 1142 1358 1197 ejusque
1376 1140 1622 1184 nobilitatis
1641 1141 1853 1198 insignia,
1875 1144 2046 1190 hucus-

421 1236 525 1278 que,
548 1221 668 1277 quod
691 1220 901 1272 sciamus,
928 1220 1126 1261 nondum
1145 1218 1332 1271 editum,
1365 1225 1410 1262 et
1441 1217 1637 1273 denique
1661 1218 1832 1263 indices
1856 1219 2044 1275 aliquot,

419 1298 587 1354 quibus
611 1297 781 1340 facilior
810 1303 855 1340 et
883 1295 1034 1339 utilior
1061 1298 1221 1338 horum
1251 1302 1646 1338 monumentorum
1678 1310 1787 1339 usus
1814 1296 2043 1340 reddatur.

511 1374 756 1419 Historiam
795 1374 1080 1428 antiquarum
1118 1373 1365 1417 editionum
1403 1372 1692 1429 epistolarum
1731 1374 1778 1418 S.
1819 1374 1855 1417 F
1858 1373 2049 1417 rancisci

424 1454 713 1510 parabamus3
745 1452 825 1494 sed
853 1453 975 1494 hunc
1003 1436 1201 1494 laborem
1230 1457 1274 1494 et
1303 1450 1348 1492 in
1378 1449 1721 1507 Prolegomenis
1745 1450 2049 1495 Bononiensis

424 1530 632 1575 editionis
669 1529 958 1585 epistolarum
991 1529 1039 1572 S.
1066 1527 1294 1571 Francisci
1324 1527 1540 1583 reperies,
1566 1534 1611 1571 et
1639 1527 1685 1570 in
1713 1543 1849 1584 opere
1872 1529 1966 1571 PP.
1993 1528 2050 1571 de

422 1609 596 1652 Backer
613 1614 657 1651 et
675 1607 1032 1662 Sommervogel‚
1052 1605 1125 1648 cui
1144 1605 1301 1648 titulus
1318 1612 1386 1648 est
1406 1606 1711 1662 Bibliotlzeque
1728 1606 1805 1648 des
1821 1606 2049 1648 e'crz‘vains

423 1686 537 1728 dela
557 1685 835 1740 Compagnie
857 1684 909 1726 de
924 1683 1073 1740 se'sus,
1104 1690 1134 1726 t.
1158 1697 1230 1735 111,
1268 1683 1353 1725 col.
1394 1683 1501 1726 1602
1531 1690 1576 1726 et
1598 1683 1911 1738 sequentibuS,
1943 1698 2049 1727 cum

423 1763 467 1806 in
491 1762 565 1805 illo
591 1762 692 1805 loco
731 1761 886 1805 ordine
918 1760 1242 1816 chronologico
1278 1760 1481 1804 diversae
1509 1760 1799 1816 epistolarum
1828 1760 2049 1805 editiones

423 1840 714 1883 collocentur.
759 1838 880 1881 Nihil
912 1844 1060 1880 tamen
1092 1837 1153 1880 ibi
1190 1837 1355 1880 dicitur
1391 1838 1447 1881 de
1484 1837 1796 1894 antiquissima
1832 1838 2045 1892 editione,

423 1932 557 1973 quam
574 1922 791 1959 memorat
807 1917 859 1958 Ρ.
880 1917 1126 1958 Menchaca
1142 1915 1188 1957 in
1208 1915 1563 1971 prolegomenis,
1585 1930 1659 1972 pp.
1681 1917 1742 1959 IV
1754 1921 1800 1958 et
1816 1922 2044 1971 sequent.,

421 2001 467 2037 et
488 1993 545 2036 de
573 2007 662 2048 qua
689 1993 739 2034 fit
761 2006 908 2036 sermo
932 1991 977 2034 in
1000 1991 1188 2047 epistola
1209 1991 1396 2049 Joannis
1425 1993 1482 2035 de
1510 1992 1740 2045 Cordoba,
1779 1993 2048 2037 Corduben-

423 2071 484 2114 sis
500 2069 717 2114 ecclesiae
734 2069 909 2122 decani,
929 2069 985 2112 ad
1002 2071 1178 2113 Ducem
1195 2069 1250 2112 de
1269 2070 1403 2114 Sessa
1421 2076 1465 2114 et
1483 2071 1745 2114 Terranova
1762 2071 1882 2123 data,
1910 2085 2043 2126 quam

424 2147 470 2191 in
499 2153 663 2202 quarto.
681 2146 797 2189 libro
826 2145 1099 2190 recudimus.

512 2225 728 2281 Superest
757 2230 806 2265 ut
834 2223 952 2279 grati
990 2223 1126 2266 animi
1163 2223 1495 2280 significatione
1531 2224 1705 2281 ali-quos
1742 2224 2046 2278 nominemus,

423 2301 500 2358 qui
522 2316 604 2344 nos
627 2301 683 2344 ad
700 2300 1061 2343 concinnandum
1089 2303 1175 2343 hoc
1203 2315 1316 2357 opus
1345 2302 1585 2358 praecipue
1614 2303 1903 2358 adjuverunt,
1936 2316 2050 2357 quos

424 2378 541 2422 inter
564 2377 888 2421 adnumerandi
911 2384 1016 2421 sunt
1032 2378 1247 2434 praefecti
1268 2378 1570 2424 bibliothecae
1599 2379 1841 2423 nationalis
1870 2378 2050 2435 Ulyssi-

426 2456 637 2514 ponensis
660 2462 705 2500 et
727 2455 896 2498 archivi
928 2455 1183 2509 nationalis,
1210 2456 1432 2499 Dominus
1462 2457 1646 2501 Gabriel
1671 2456 1853 2500 Pereira
1886 2463 1931 2500 et
1953 2458 2046 2500 Do·

423 2533 572 2577 minus
587 2535 812 2591 Josephus
836 2534 897 2576 M.
931 2534 982 2576 C.
1012 2535 1165 2586 Bast03
1191 2540 1423 2589 praeterea
1450 2533 1653 2577 officialis
1686 2534 1856 2590 primus
1883 2533 2048 2576 biblio-

427 2613 583 2655 thecae
606 2609 758 2667 regiae
780 2609 1164 2666 Ulyssiponensis,
1190 2610 1412 2653 Dominus
1434 2611 1680 2654 Rodericus
1703 2611 1971 2655 Vincentius
1993 2611 2050 2653 de

428 2687 649 2740 Almeida,
675 2694 720 2731 et
744 2686 945 2730 officialis
961 2686 1260 2731 bibliothecae
1288 2687 1542 2731 academiae
1570 2688 1722 2744 regiae
1750 2687 2049 2733 Scientiarum

428 2765 629 2820 ejusdem
663 2764 802 2817 urbis,
822 2763 1043 2807 Dominus
1067 2764 1338 2808 Severianus
1361 2765 1594 2820 Sylvestro
1611 2767 1780 2822 Lappa,
1804 2773 1849 2810 et
1872 2766 2050 2808 tandem

427 2841 649 2885 Dominus
672 2841 978 2896 Hieronymus
1003 2843 1054 2883 P.
1082 2842 1140 2883 A.
1166 2841 1222 2884 da
1245 2842 1436 2884 Camara
1459 2843 1656 2894 Manoel,
1685 2842 1913 2887 societatis
1941 2856 2053 2899 geo-

427 2918 642 2975 graphiae
660 2917 1024 2974 Ulyssiponensis
1046 2917 1214 2971 socius,
1238 2924 1283 2960 et
1305 2917 1452 2973 operis
1475 2919 1664 2962 Missoes
1680 2920 1758 2962 dos
1773 2920 1977 2976 Jesuitas
1994 2933 2053 2962 no

435 2996 621 3039 Oriente
643 3010 723 3039 nos
746 2995 913 3038 saculos
936 2995 1055 3037 XVI
1071 3009 1092 3037 e
1116 2995 1259 3037 XVII
1276 3001 1447 3038 auctor.
1470 2996 1506 3038 E
1524 3003 1678 3039 nostra
1699 3011 1808 3041 vero
1825 2995 2053 3041 Societate

428 3072 631 3116 nonnulli
669 3071 803 3116 etiam
829 3074 985 3117 Patres
1023 3071 1152 3115 nobis
1174 3086 1301 3115 suam
1329 3086 1509 3127 operam
1539 3074 1851 3126 contulerunt,
1884 3072 2048 3129 quibus

429 3148 639 3194 omnibus
662 3156 816 3206 grates
838 3163 894 3193 ex
915 3148 1066 3194 animo
1086 3147 1397 3205 persolvimus.
