2018 3510
10 1769 17 1818 ρ»

558 205 695 241 ΕΡιεΤ.
723 213 880 249 72.-14
905 205 1106 250 JANUARJI
1136 215 1224 252 1549
1581 211 1650 257 483

77 315 224 354 natus:
262 306 359 361 ejus
407 304 590 358 similes,
637 320 828 361 quorum
871 305 973 348 istic
1014 321 1181 363 magna
1209 316 1276 351 est
1308 310 1448 365 copia,
1485 312 1698 367 plurimos

77 388 166 429 huc
188 383 338 425 mittas
360 380 509 426 velim.
537 381 589 424 Ei
618 381 964 426 Comorinenses
993 382 1101 425 socii
1123 391 1296 439 parent.
1329 386 1448 430 Idem
1480 388 1697 432 Christia-

79 461 148 505 nis
169 458 409 515 indigenis,
436 457 638 501 Ethnicis
660 473 712 501 ac
735 458 972 503 Saracenis
989 467 1057 503 est
1078 460 1264 503 mirifice
1296 476 1441 505 carus.
1478 465 1519 507 A
1537 466 1696 517 Sociis,

80 537 242 594 quibus
263 542 439 592 praeest
471 541 749 591 quantopere
781 535 994 591 diligatur
1016 535 1104 578 dici
1126 536 1202 579 vix
1224 544 1385 593 potest.
1424 541 1474 581 P.
1511 541 1699 596 Cyprian

80 629 165 658 nus
187 615 201 635 ²
225 613 385 656 affecta
400 612 495 667 jam
517 618 665 655 aetate
686 611 733 654 in
754 612 1018 656 Socotoram
1040 612 1232 656 insulam
1254 614 1564 670 proficiscitur.
1596 618 1701 660 Dis-

80 703 288 735 cessurus
310 695 379 732 est
400 695 595 732 exeunte
610 687 842 745 Januario:
868 688 1004 731 ducet
1025 703 1180 733 secum
1204 696 1293 733 tres
1316 705 1341 733 e
1362 691 1604 745 Societate,
1631 709 1701 736 sa-

81 767 306 811 cerdotem
329 779 487 819 unum,
514 764 708 820 reliquos
731 765 959 820 adjutores
981 766 1013 808 ³.
1039 767 1259 810 Socotora
1281 766 1427 810 insula
1449 776 1517 810 est
1544 768 1589 811 in
1618 771 1703 812 cir-

81 843 205 887 cuitu
238 841 376 884 millia
409 856 624 898 passuum
656 842 797 885 ferme
827 848 1026 884 centum:
1063 848 1156 884 tota
1178 843 1233 885 ab
1256 843 1476 898 ejusmodi
1498 844 1705 889 incolitur

83 918 364 972 Christianis,
390 917 467 973 qui
490 917 643 960 multis
665 917 830 960 abhinc
866 917 995 960 annis
1018 918 1263 961 Catholicis
1291 920 1435 962 orbati
1463 922 1705 965 sacerdotiu

83 998 183 1049 bus,
210 994 453 1039 Christiani
476 994 588 1037 nihil
614 995 783 1038 habent
811 1002 988 1051 praeter
1016 1010 1199 1039 nornen.
1236 997 1408 1040 Ferunt
1433 1012 1482 1040 se
1510 1005 1631 1041 ortos
1653 1000 1707 1042 ab

86 1073 154 1127 iis,
179 1086 291 1132 quos
315 1072 360 1116 S.
385 1073 582 1115 Thomas
603 1071 852 1127 Apostolus
880 1070 1162 1114 Christianos
1190 1071 1310 1115 fecit.
1342 1074 1392 1116 In
1421 1088 1545 1129 spem
1578 1076 1709 1118 venio

89 1150 181 1194 fore
232 1155 282 1191 ut
324 1147 538 1204 Cypriani
581 1155 627 1192 et
669 1147 892 1191 sociorum
937 1162 1072 1204 opera
1109 1163 1156 1191 se
1194 1149 1250 1191 ad
1286 1150 1451 1192 bonam
1495 1150 1710 1207 recipiant

90 1227 281 1283 frugem.

176 1315 217 1346 2.
283 1303 347 1345 Ea
367 1301 514 1344 insula
536 1300 668 1345 valde
689 1300 819 1357 inops
842 1307 909 1345 est
933 1316 958 1344 a
980 1300 1189 1357 frugibus
1205 1308 1250 1344 et
1273 1302 1509 1357 alimentis,
1530 1305 1710 1348 eadem-

90 1394 175 1437 que
196 1379 304 1422 satis
327 1393 483 1434 aspera
500 1385 546 1422 et
568 1392 850 1422 aerumnosa.
878 1379 943 1420 Eo
967 1385 1117 1421 tamen
1139 1378 1394 1434 Cyprianus
1411 1380 1504 1435 jam
1522 1396 1711 1438 sexage-

90 1456 239 1501 narius
261 1454 555 1500 libentissime
579 1454 857 1508 transmittit,
877 1455 1111 1499 confidens
1133 1455 1365 1511 egregiam
1384 1471 1432 1499 se
1449 1456 1509 1499 ibi
1532 1472 1710 1513 operam

92 1535 187 1578 Deo
208 1546 373 1576 navare
402 1546 549 1587 posse,
581 1538 627 1574 et
654 1531 788 1573 simul
816 1531 997 1588 expiare
1024 1531 1188 1574 delicta
1212 1532 1466 1587 juventutis
1498 1548 1621 1577 suae.
1657 1537 1713 1578 Et

93 1623 359 1666 quamquam
382 1608 509 1651 initio
529 1610 736 1652 affectam
759 1608 854 1663 jam
884 1615 1077 1652 aetatem
1103 1608 1286 1653 minime
1316 1609 1559 1665 patientem
1587 1612 1712 1655 labo—

95 1701 192 1730 rum
213 1687 474 1738 excusabat,
500 1700 604 1728 mox
627 1692 776 1729 tamen
798 1685 1028 1741 professus
1050 1692 1118 1728 est
1140 1699 1203 1737 se,
1231 1685 1267 1728 si
1289 1700 1402 1742 opus
1429 1694 1561 1743 esset,
1594 1690 1714 1732 haud

96 1770 278 1820 gravate
300 1762 483 1805 iturum.
510 1762 725 1806 Nicolaus
747 1762 1051 1813 Lancellotus,
1084 1761 1167 1805 etsi
1195 1762 1561 1815 valetudinarius,
1594 1780 1713 1809 nunc

97 1845 244 1882 tamen
265 1839 425 1883 melius
447 1840 599 1891 habet,
624 1845 922 1894 versaturque
949 1838 1124 1892 Colani‚
1156 1839 1277 1893 quod
1304 1839 1515 1894 oppidum
1547 1848 1615 1884 est
1641 1857 1713 1885 sa-

95 1915 209 1959 lubri
231 1917 373 1970 coelo,
398 1915 535 1959 millia
564 1930 780 1971 passuum
812 1931 838 1959 a
866 1915 1038 1959 Cocino
1067 1915 1243 1959 circiter
1280 1917 1466 1959 LXXX.
1492 1916 1553 1959 ibi
1586 1918 1713 1961 insti-

97 1994 260 2036 tuendo
283 1992 521 2037 Societatis
543 1991 735 2049 collegio
758 1999 947 2048 praeest.

183 2083 223 2124 3.
288 2071 358 2113 Ac
380 2084 489 2113 sane
511 2069 653 2112 multa
671 2069 739 2112 his
761 2069 873 2112 locis
896 2068 1135 2113 Societatis
1153 2068 1376 2111 domicilia
1393 2069 1710 2126 excitarentur,

98 2145 135 2188 si
155 2147 215 2189 M.
243 2146 396 2191 Simon
421 2147 487 2203 (ut
508 2147 566 2188 ad
593 2153 638 2190 te
666 2152 798 2190 antea
835 2145 1006 2202 scripsi)
1031 2160 1133 2188 cum
1171 2160 1336 2201 magna
1364 2146 1420 2188 ab
1448 2160 1557 2202 rege
1585 2155 1716 2190 auto—

99 2221 226 2267 ritate
252 2223 431 2275 missus,
463 2238 554 2266 non
583 2238 764 2278 parvam
791 2224 882 2265 huc
909 2223 1154 2266 adduceret
1176 2221 1398 2265 sociorum
1432 2237 1630 2276 manum,
1663 2238 1717 2267 ex

103 2311 289 2354 quorum
325 2314 513 2344 numero
535 2314 615 2344 sex
642 2306 873 2356 septemve
900 2299 1242 2342 concionatores
1272 2306 1437 2350 essent,
1467 2301 1718 2356 complures

103 2376 460 2420 confessionibus
477 2376 771 2433 excipiendis,
798 2376 1025 2420 tradendis
1047 2376 1131 2432 piis
1153 2375 1532 2428 meditationibus,
1560 2377 1720 2419 Ethni-

171 2532 185 2552 ²
233 2531 278 2566 P.
297 2531 520 2578 Alphonsus
539 2531 735 2578 Cipriano.

171 2589 186 2609 ³
234 2589 342 2625 Haec
359 2601 467 2625 sacra
484 2590 524 2625 in
543 2590 768 2626 Socotoram
786 2590 952 2626 insulam
971 2589 1184 2636 expeditio,
1203 2600 1278 2636 qua
1292 2588 1340 2624 de
1357 2600 1474 2624 causa
1487 2588 1723 2635 ignoramus,

106 2647 283 2683 effectum
317 2649 452 2685 sortita
485 2661 562 2685 non
596 2649 671 2685 fuit
703 2662 826 2697 usque
861 2649 909 2685 ad
942 2661 1084 2684 annum
1123 2647 1230 2693 1563.
1269 2647 1330 2684 Cf.
1363 2648 1519 2694 SOUZA,
1561 2649 1724 2684 Oriente

105 2717 225 2753 conq„
248 2709 298 2743 ΙέΙ
321 2714 435 2755 part.,
462 2720 575 2756 conq.
592 2709 641 2753 V,
660 2708 743 2744 div.
768 2710 820 2756 ΙΙ,
844 2721 888 2744 n.
910 2717 970 2754 71.
991 2709 1035 2743 In
1053 2707 1217 2754 epistola
1236 2708 1279 2743 P.
1299 2708 1561 2743 Emmanuelis
1582 2707 1630 2742 de
1650 2708 1727 2742 Mo-

107 2776 189 2801 raes
206 2766 320 2803 sociis
344 2768 582 2810 Lusitaniae,
610 2769 781 2804 Malacae
804 2769 827 2803 6
855 2768 1025 2814 Augusti
1043 2767 1134 2802 anni
1155 2775 1245 2812 1549
1274 2767 1376 2810 data,
1396 2768 1490 2802 haec
1520 2768 1725 2802 habentur:

109 2824 296 2861 «Estando
313 2830 384 2863 nos
401 2839 492 2874 para
509 2827 628 2874 partir
645 2839 737 2874 para
754 2828 955 2874 Soeotor5,
974 2838 1137 2874 pareceo
1156 2838 1201 2862 ao
1221 2827 1266 2862 P.
1294 2827 1384 2861 M.te
1409 2826 1613 2861 Francisco
1632 2825 1727 2860 mais

110 2883 255 2930 seruico
273 2885 322 2921 de
340 2898 434 2922 noso
453 2886 604 2922 Senhor
621 2887 680 2922 hir
700 2898 722 2922 o
740 2887 783 2922 P.
804 2886 1001 2934 Cypriano
1025 2897 1115 2933 para
1132 2885 1210 2921 San
1234 2885 1381 2920 Thome
1406 2897 1427 2920 e
1451 2896 1473 2919 a
1496 2896 1600 2931 mym
1626 2895 1728 2918 man-

109 2939 261 2978 dareme
290 2956 380 2991 para
410 2946 600 2994 Malaqua,
628 2957 720 2992 para
749 2946 876 2981 honde
906 2957 1022 2992 agora
1059 2956 1228 2981 vou...»
1260 2943 1359 2978 Vide
1389 2955 1517 2990 supra,
1548 2954 1639 2989 pag·
1673 2950 1715 2986 19

117 3006 244 3038 annot.
268 3012 303 3039 1.
