2018 3510
346 226 418 261 300
842 223 1123 258 'MONUMENTA
1142 221 1397 256 XAVERIANA

295 328 440 385 igitur
463 325 674 369 omnibus
696 325 784 368 iam
814 331 1009 377 constat,
1035 338 1116 379 pro
1146 322 1433 366 assecutione
1461 320 1701 364 duodecim
1726 319 1943 363 articulo-

300 420 398 448 rum
421 403 527 448 fidei
551 402 872 459 pronunciatas
901 400 1141 444 duodecim
1171 399 1402 443 orationes
1431 398 1697 450 dominicas,
1732 396 1945 440 totidem-

295 497 386 538 que
409 480 705 524 salutationes
727 479 975 536 angelicas,
997 477 1164 533 quibus
1186 484 1255 521 est
1273 492 1299 520 a
1316 479 1416 520 Deo
1433 476 1670 532 implorata
1688 473 1819 517 nobis
1837 488 1945 530 gra-

299 559 375 611 tia,
401 573 490 613 qua
511 556 662 600 stabili
683 564 728 600 et
751 556 1023 599 inconcussa
1042 554 1130 597 fide
1148 568 1226 598 eos
1244 554 1550 597 crederemus.
1576 553 1743 595 Iterum
1761 551 1945 595 easdem

296 635 552 691 deciespro
575 633 860 677 assecutione
879 634 1036 676 decem
1056 632 1389 683 mandatorum,
1411 630 1576 687 quibus
1599 637 1644 673 et
1661 629 1769 685 ipsis
1787 635 1946 685 postu-

297 714 390 757 lata
411 719 480 756 est
505 711 667 768 gratia,
691 726 768 766 per
791 725 927 765 quam
945 724 1013 760 ea,
1038 716 1086 751 ut
1110 709 1254 751 bonos
1278 707 1550 751 christianos
1575 721 1654 763 par
1676 713 1761 758 est,
1787 705 1948 761 imple-

300 805 468 835 remus,
497 791 625 832 Haec
655 798 778 840 sunt,
806 801 922 842 quae
946 801 1026 842 per
1048 793 1226 829 nostras
1250 784 1479 829 orationes
1502 799 1580 828 eos
1610 799 1633 826 a
1672 785 1771 827 Deo
1807 783 1948 825 doceo

302 868 549 924 postulare,
573 866 801 908 affirmans
819 866 987 915 Deum,
1009 862 1045 906 si
1064 865 1176 906 haec
1194 863 1335 907 semel
1353 876 1561 906 annuens
1583 859 1837 912 donauerit,
1863 858 1951 902 alia

299 945 442 988 multo
471 942 732 986 affluentius
762 941 1081 997 elargiturum,
1120 955 1256 996 quam
1285 939 1370 996 ipsi
1400 947 1553 995 petere
1593 939 1789 982 ualeant.
1825 938 1945 980 Con-

298 1021 541 1067 fessionem
566 1019 828 1076 generalem
852 1026 902 1061 ut
926 1033 1083 1061 omnes
1106 1017 1276 1071 dicant,
1303 1032 1487 1073 operam
1516 1017 1590 1068 do,
1617 1015 1817 1069 maxime·
1841 1028 1950 1057 uero

299 1099 346 1141 hi
365 1098 441 1154 qui
460 1096 680 1153 baptizari
700 1097 878 1148 uolunt,
891 1102 1274 1152 quos,postquam
1292 1095 1551 1150 symbolum
1572 1092 1946 1149 pronunciarunt,

300 1188 673 1230 unumquemque
703 1173 944 1216 articulum
976 1187 1025 1217 se
1054 1173 1239 1215 credere
1274 1173 1572 1222 affirmarunt,
1599 1169 1715 1226 legis
1753 1168 1950 1224 denique

299 1253 512 1297 mandata
534 1257 859 1302 memorarunt,
887 1257 1102 1306 tanquam
1125 1249 1236 1292 satis
1257 1249 1514 1305 exploratos
1537 1247 1732 1303 baptizo.
1752 1248 1949 1290 Demum

300 1329 460 1374 orandi
485 1330 622 1372 finem
646 1327 855 1379 facimus,
882 1325 1130 1385 canent[es]
1147 1327 1276 1370 salue
1298 1325 1471 1382 regina.

395 1418 435 1462 5.
503 1407 697 1449 Confido
719 1420 800 1462 per
822 1404 907 1448 Dei
931 1404 1285 1448 misericordiam
1314 1418 1480 1460 pueros
1509 1402 1602 1446 suis
1630 1401 1841 1446 meliores
1870 1415 1951 1456 pa-

302 1484 510 1529 rentibus
542 1497 780 1535 euasuros,
820 1497 1039 1538 magnum
1071 1481 1294 1537 siquidem
1326 1480 1443 1537 legis
1475 1487 1658 1523 nostrae
1691 1479 1954 1535 praeferunt
2017 1487 2018 1538 ξ

302 1577 518 1606 amorem:
546 1561 706 1603 ardent
724 1559 938 1604 audiendi
962 1566 1115 1602 nostra
1138 1558 1340 1614 aliosque
1363 1557 1556 1601 docendi
1579 1556 1818 1600 desiderio:
1841 1555 1954 1597 adeo
2017 1592 2018 1607 ,

305 1654 419 1684 uero
443 1638 763 1682 abominantur
786 1637 1018 1680 idolatrias
1041 1636 1375 1689 aethnicorum,
1402 1643 1452 1678 ut
1475 1650 1609 1691 saepe
1632 1635 1853 1678 aduersus
1878 1647 1956 1676 eos
2017 1618 2018 1629 ³

307 1716 460 1761 uerbis
483 1714 777 1759 atrocissimis
800 1714 1137 1771 degladientur,
1163 1721 1209 1756 et
1232 1713 1309 1756 ubi
1333 1720 1543 1770 parentes
1561 1712 1719 1756 uident
1735 1711 1855 1754 idola
1873 1723 1955 1753 ue-

305 1793 471 1845 nerari,
499 1792 663 1836 acriter
685 1792 956 1848 corripiunt,
983 1806 1152 1846 eosque
1181 1798 1448 1834 accusantes
1471 1791 1528 1833 ad
1557 1805 1630 1833 me
1652 1789 1878 1832 deferunt.
1905 1786 1954 1832 Si

304 1871 490 1927 quando
513 1871 634 1926 apud
657 1884 730 1912 me
752 1870 1069 1926 expostulatur
1091 1870 1148 1912 de
1170 1868 1397 1924 aliquibus
1425 1867 1621 1919 ciuibus,
1654 1866 1730 1922 qui
1759 1866 1877 1923 (cum
1905 1864 1953 1907 in

309 1949 419 1992 urbe
442 1963 536 1991 non
560 1948 758 1990 audeant
782 1948 841 1990 ob
865 1954 1036 1990 metum
1060 1947 1319 2003 puerorum)
1343 1953 1471 1989 extra
1493 1946 1652 1988 urbem
1676 1943 1794 1987 idola
1811 1957 1953 1986 uene-

307 2033 482 2079 rantur,
503 2039 619 2068 voco
637 2039 794 2069 omnes
811 2023 1051 2067 confestim
1069 2038 1236 2080 pueros
1254 2023 1468 2067 ciuitatis.
1490 2022 1572 2074 Illi,
1594 2020 1841 2064 coniuratis
1858 2018 1957 2062 ani—

308 2102 408 2154 mis,
435 2117 490 2146 eo
515 2102 756 2146 tendentes
779 2101 857 2144 ubi
886 2101 1138 2144 instaurata
1174 2108 1243 2143 est
1270 2099 1493 2151 idolatria,
1530 2098 1745 2143 maiorem
1777 2095 1960 2140 diabolo

306 2180 512 2236 irrogant
536 2178 877 2231 contumeliam,
903 2193 1038 2234 quam
1062 2185 1274 2234 parentes
1296 2177 1497 2234 ipsorum
1520 2179 1695 2219 honore
1717 2190 1822 2219 eum
1844 2175 1957 2218 affe-

308 2257 455 2301 cerint
478 2257 585 2299 dum
609 2256 729 2300 idola
750 2264 1096 2301 uenerarentur.
1123 2257 1322 2312 Arrepta
1344 2257 1358 2278 ⁶
1385 2254 1503 2299 enim
1527 2270 1579 2299 ea
1602 2268 1681 2309 per
1703 2267 1919 2309 praeceps
1944 2255 1957 2274 ⁷

310 2334 357 2376 in
380 2333 534 2390 ignem
558 2334 809 2376 detrudunt
832 2347 1080 2388 eorumque
1109 2333 1257 2389 capita
1278 2332 1503 2388 lapidibus
1526 2331 1822 2387 pessundant,
1847 2329 1958 2373 alia-

307 2425 399 2466 que
423 2410 612 2462 faciunt,
639 2425 771 2465 quae,
793 2425 1067 2466 quamquam
1087 2425 1179 2453 non
1197 2410 1255 2453 sit
1272 2412 1514 2454 honestum
1532 2422 1785 2460 recensere,
1805 2406 1957 2464 pueris

309 2496 463 2532 tamen
488 2494 557 2530 est
580 2487 742 2530 honori
765 2487 829 2531 ita
851 2488 892 2532 ei
915 2487 1121 2540 illudere,
1148 2487 1226 2543 qui
1247 2495 1460 2544 parentes
1482 2487 1680 2542 ipsorum
1698 2499 1753 2528 eo
1769 2486 1957 2530 demen-

311 2564 403 2608 tiae
425 2564 669 2620 impulerit,
696 2571 746 2606 ut
768 2565 942 2621 lapides
965 2573 1010 2610 et
1032 2581 1141 2610 saxa
1162 2579 1244 2621 pro
1266 2567 1366 2608 Deo
1388 2565 1590 2607 colerent
1612 2564 1644 2605 ⁸.

402 2643 443 2685 6.
511 2642 725 2697 Quatuor
748 2641 983 2686 mensibus
1004 2643 1051 2686 in
1073 2657 1238 2699 magna
1260 2642 1456 2696 quadam
1479 2639 1961 2683 christianorumurbe

313 2726 516 2762 moratus
539 2733 656 2770 sum,
683 2720 801 2761 hanc
833 2734 926 2763 rem
958 2734 1116 2776 agens:
1150 2718 1377 2762 orationes
1405 2725 1584 2760 nostras
1611 2716 1659 2759 in
1687 2731 1844 2760 eorum
1872 2714 1961 2758 lin-

380 2863 394 2883 0
450 2861 618 2906 Arepta,
636 2871 718 2896 ‚ms-

382 2924 394 2941 ⁷
447 2931 631 2966 preceps,
651 2931 730 2955 ms.

380 2982 394 3001 ³
446 2977 682 3014 Distinctius
700 2979 797 3014 haec
814 2977 862 3017 -in
881 2978 1046 3024 hispano
1071 2978 1254 3024 exemplo
1277 2982 1497 3022 narrantur,
1522 2987 1690 3023 quocum
1710 2975 1961 3013 conferantur

307 3037 557 3074 Tursellinus
577 3044 617 3073 et
635 3037 816 3083 Cutillas‚
836 3038 902 3085 qui
921 3039 1087 3072 multum
1105 3038 1155 3072 ab
1172 3049 1220 3072 eo
1238 3037 1475 3084 discrepant.
