2049 3360
317 120 387 165 934
812 119 1084 154 MONUMENTA
1110 117 1361 153 XAvEmANA

687 221 778 264 Sed
800 218 864 262 sic
884 225 932 261 ut
949 217 1106 261 amasti
1129 233 1215 271 me,

688 295 763 339 Sic
781 309 897 347 amo,
924 301 968 339 et
990 295 1150 337 amabo
1171 302 1229 338 te:

688 372 844 415 Solum
868 370 972 426 quia
994 372 1089 414 Rex
1113 386 1238 414 meus
1261 386 1324 423 es,

688 449 743 490 Et
765 449 910 491 solum
933 447 1037 503 quia
1054 449 1178 492 Deus
1195 462 1258 491 es.
1281 449 1473 491 Amen.»

1036 688 1143 728 167

309 811 369 840 DE
393 810 624 840 RHYTHMO
649 809 920 848 HISPANICO,
949 808 1105 839 VULGO
1130 809 1312 839 SANCTO
1337 808 1546 838 XAVERIO
1569 807 1863 838 ATTRIBUTO.

372 910 488 952 Cum
528 922 736 963 praesens
774 909 986 952 volumen
1013 909 1114 964 plus
1143 907 1273 950 solito
1299 906 1563 959 excreverit,
1604 906 1809 962 cogimur
1840 907 1896 949 ad

282 987 469 1029 alterurn
493 984 632 1027 nostri
655 985 803 1040 operis
831 986 1041 1028 volumen
1069 985 1307 1040 conjicere,
1334 999 1450 1039 quae
1476 984 1534 1028 de
1560 985 1644 1027 hac
1667 998 1714 1027 re
1742 989 1895 1039 parata

281 1063 571 1105 habebamus.
599 1061 902 1104 Nihilominus
924 1061 1132 1116 quoniam
1154 1061 1199 1103 id
1222 1075 1369 1104 rerum
1393 1060 1531 1104 series
1547 1067 1592 1104 et
1608 1060 1718 1103 ordo
1737 1059 1893 1103 viden-

284 1145 355 1180 tur
377 1122 618 1194 postulare,
645 1137 769 1180 illurn
792 1144 923 1194 prout
951 1137 997 1180 in
1024 1137 1350 1192 antiquioribus
1378 1137 1665 1188 editionibus,
1696 1150 1810 1192 quae
1838 1135 1894 1179 ad

284 1228 442 1257 manus
485 1221 660 1257 nostras
703 1222 1021 1270 pervenerunt,
1067 1214 1342 1266 invenimus,
1388 1213 1548 1257 iterum
1591 1213 1895 1257 recudendum

284 1290 649 1347 existimavimus.
681 1290 1004 1346 «Hispanicum
1036 1289 1325 1348 [rhythmum]
1361 1290 1545 1346 primus,
1575 1304 1709 1345 quem
1739 1289 1894 1342 sciam,

284 1367 421 1411 edidit
444 1381 546 1410 cum
584 1366 678 1423 pari
711 1367 917 1411 versione
949 1367 1098 1410 Italica
1130 1366 1325 1423 Vigilius
1357 1365 1536 1410 Nolarci
1566 1380 1647 1410 seu
1684 1365 1899 1421 Aloysius

287 1444 482 1495 Carnoli,
509 1445 563 1486 ad
586 1445 753 1487 calcem
778 1443 910 1487 Vitae
933 1444 981 1488 S.
1008 1443 1171 1500 Ignatii
1201 1444 1395 1499 Loyolae
1424 1442 1571 1487 editae
1598 1441 1800 1486 Venetiis
1823 1456 1894 1484 an.

289 1522 441 1574 1687.»
478 1520 553 1565 Sic
592 1523 877 1574 MENCHACA,
902 1521 949 1563 S.
983 1522 1147 1564 FranC.
1179 1522 1295 1563 Xav.
1327 1521 1471 1576 epist„
1504 1528 1536 1562 t.
1570 1534 1622 1572 11,
1647 1533 1751 1576 pag.
1796 1518 1894 1573 506.

284 1598 499 1640 Attamen
527 1596 627 1650 alia,
659 1604 704 1641 et
733 1597 984 1652 antiquiora
1012 1597 1192 1652 quidem
1221 1597 1438 1653 exempla,
1465 1595 1662 1653 reperiri,
1689 1609 1804 1651 quae
1825 1609 1898 1638 so-

284 1675 438 1717 lertem
460 1673 599 1717 nostri
624 1673 958 1729 investigatoris
990 1673 1268 1730 diligentiam
1298 1674 1529 1730 fugerunt,
1555 1674 1736 1729 planum
1764 1672 1814 1714 fit
1843 1687 1897 1715 ex

281 1750 350 1794 his
373 1765 486 1806 quae
499 1751 591 1805 jam
618 1750 897 1805 subjicimus.

964 1907 1159 1950 PRmoM
1189 1907 1215 1948 ¹.

375 2060 494 2102 Acto
516 2060 571 2101 de
593 2058 859 2112 contricion‚
886 2073 972 2114 qve
1000 2058 1126 2104 dezia
1155 2060 1247 2104 San
1275 2059 1456 2116 Ignacio
1483 2060 1539 2102 de
1562 2058 1745 2114 Loyola,
1777 2058 1812 2100 F
1816 2071 1902 2099 un-

287 2137 426 2179 dador
446 2136 503 2179 de
525 2136 566 2178 la
587 2134 836 2191 Compania
859 2136 914 2178 de
935 2137 1075 2189 Iesus,
1101 2136 1212 2179 cada
1235 2135 1307 2179 dia
1327 2136 1505 2180 delante
1526 2136 1583 2178 de
1604 2136 1678 2178 Vn
1701 2133 1896 2178 Christo.

579 2292 649 2334 No
672 2305 743 2334 me
765 2304 943 2343 mueue,
969 2291 1029 2333 mi
1051 2291 1178 2343 Dios,
1204 2306 1310 2348 para
1325 2297 1533 2346 quererte

520 2368 572 2409 El
593 2366 707 2411 cielo
729 2381 816 2422 que
838 2383 909 2412 me
932 2367 1073 2412 tienes
1094 2368 1359 2424 prometido,

521 2443 578 2487 Ni
601 2458 672 2487 me
694 2458 859 2487 mueue
881 2444 922 2486 el
944 2443 1134 2488 infierno
1158 2451 1234 2487 tan
1256 2444 1423 2488 temido

525 2522 638 2562 Para
660 2520 798 2563 dexar
820 2535 900 2576 por
921 2534 1024 2564 esso
1047 2521 1103 2565 de
1120 2521 1366 2564 ofenderte.

357 2679 368 2699 ¹
418 2680 475 2714 Ex
494 2691 609 2725 opere
628 2681 829 2726 «Epitome
861 2681 909 2716 de
934 2682 970 2716 la
988 2679 1076 2715 vida
1099 2693 1125 2727 y
1145 2686 1293 2716 mverte
1318 2681 1366 2716 de
1387 2680 1464 2716 San
1487 2679 1644 2726 Ignacio
1670 2678 1718 2714 de
1742 2678 1900 2725 Loyola,

285 2737 491 2778 Patriarca,
511 2749 537 2783 y
555 2738 757 2774 Fvndador
775 2739 824 2774 de
855 2741 890 2774 la
919 2739 1130 2786 Compafiia
1148 2739 1196 2774 de
1221 2740 1347 2774 Iesvs.
1379 2738 1577 2774 Dedieado
1594 2749 1662 2785 por
1679 2750 1731 2773 vn
1759 2737 1902 2772 devoto

284 2796 347 2831 del
367 2795 503 2841 Santo,
521 2797 555 2830 al
575 2796 697 2832 Sefior
715 2799 801 2833 Don
821 2798 1010 2845 Fadrique
1029 2798 1077 2833 de
1095 2798 1242 2833 Toledo
1260 2797 1435 2835 Ossorio.
1449 2825 1456 2832 .
1468 2824 1476 2832 .
1500 2795 1763 2832 eremvnda.
1788 2796 1846 2830 En
1864 2796 1900 2830 la

284 2856 493 2902 Emprenta
511 2855 559 2890 de
589 2855 738 2902 Gaspar
756 2857 807 2892 du
825 2858 938 2902 Pree,
959 2858 1046 2892 Afro
1067 2857 1187 2892 1662.»
1214 2857 1318 2892 Nihil
1338 2857 1476 2892 asserit
1494 2857 1542 2892 de
1559 2861 1716 2891 auctore
1747 2855 1896 2896 Soneti‚

275 2913 354 2949 ‘sed
371 2919 521 2951 tantum
540 2913 681 2950 dicitur
697 2915 736 2950 in
755 2916 882 2962 titulo,
901 2928 922 2951 a
939 2916 1082 2952 Sancto
1099 2916 1251 2962 Ignatio
1268 2917 1440 2964 quotidie
1458 2915 1628 2952 recitari.
