2049 3360
679 115 890 149 ADDENDA
919 123 971 148 ET
999 123 1268 150 coaffissENDA
1649 123 1738 158 1019

158 218 265 265 Pag.
286 225 366 262 337,
388 217 460 251 lin.
482 225 516 261 7,
536 216 574 258 8,
596 226 659 261 29,
680 227 767 261 nm,
786 228 867 259 seo,
887 217 1025 258 Irmeo,
1046 217 1129 264 lege
1148 219 1236 263 nao,
1254 219 1335 262 sao,
1355 218 1478 252 Irmao
1499 219 1524 251 ¹.

158 277 267 324 Pag.
295 275 378 321 338,
399 276 472 310 lin.
493 285 536 318 15
554 279 590 310 et
609 276 667 317 16,
688 287 844 322 porque:
867 280 1013 318 ontem‚
1034 276 1118 322 lege
1137 287 1282 322 porque
1301 280 1446 311 ontem.

160 336 266 383 Pag.
290 334 375 380 346,
401 337 538 368 annot.
559 343 592 375 1,
624 334 785 369 addatur
815 335 899 369 hoc:
929 335 1048 369 «Fere
1079 334 1246 380 integra,
1264 334 1464 381 hispanice
1495 338 1664 375 exarata,
1690 338 1789 367 tran-

147 426 151 429 ,
231 394 373 440 scripta
392 399 452 429 est
470 405 600 440 supra,
619 406 685 440 pp.
711 403 750 438 51
774 399 813 428 et
832 403 894 438 52,

160 454 266 501 Pag.
289 463 375 499 354,
396 454 473 490 lin.
496 463 532 495 2,
553 456 622 488 vos
641 453 735 489 latin
753 453 851 499 heis,
871 454 955 499 lege
974 455 1044 487 vos
1062 454 1097 487 la
1115 453 1273 488 tinheis.

162 513 270 560 Pag.
290 513 374 558 356,
394 513 470 549 lin.
490 523 523 558 3,
547 520 652 559 1544,
671 513 756 560 lege
778 521 880 557 15453
902 517 942 547 et
960 517 1244 558 consequenter
1267 512 1418 557 corrige
1443 523 1584 547 annum
1609 510 1648 545 in
1666 509 1792 555 capite

230 572 457 618 paginarum
476 571 560 617 357,
579 571 648 617 359
667 577 706 607 et
723 571 805 607 361.

159 632 264 679 Pag.
287 632 371 677 385,
391 632 464 666 lin.
484 641 517 674 2,
541 642 610 666 vos
630 642 687 677 es,
706 632 791 678 lege
810 642 893 665 vos.

156 692 263 738 Pag.
284 691 372 736 398,
405 690 602 726 annotatio
628 701 664 736 4,
697 702 826 725 errore
847 691 1092 737 typographi,
1129 690 1167 725 in
1191 690 1288 726 duas
1318 689 1444 725 divisa
1466 695 1540 734 est;
1573 688 1674 723 unde
1704 686 1793 734 huic

227 750 467 785 annotationi
485 749 661 785 addenda
680 755 740 784 est
758 749 841 784 fere
860 749 1012 795 integra
1031 749 1232 785 annotatio
1254 749 1295 784 13
1312 749 1420 793 (vide
1438 760 1531 796 pag.
1554 747 1653 792 406),
1673 746 1755 782 scil.
1771 757 1792 779 a

229 809 400 844 secunda
416 808 532 844 linea:
554 809 915 855 «Desembaraeado
933 809 981 843 da
1000 808 1270 845 multidao...».

160 870 264 916 Pag.
284 869 375 912 406,
401 869 599 904 annotatio
633 867 675 903 13
701 873 852 903 tantum
870 867 1031 914 primam
1053 868 1195 903 lineam
1224 874 1265 904 et
1294 868 1448 903 initium
1474 866 1668 902 secundae
1692 873 1795 900 com·

232 927 428 974 plectitur,
447 928 516 963 scil
527 954 556 973 .,
573 939 695 974 usque
710 927 757 962 ad
773 928 935 962 verbum
952 928 1351 973 «Desembaraeadon.
1369 927 1431 962 Ab
1445 927 1518 962 hoc
1532 926 1653 961 verbo
1671 935 1794 970 usque

232 987 271 1022 in
288 987 406 1022 finem
424 987 594 1033 pertinet
611 987 659 1021 ad
678 986 967 1022 annotationem
984 996 1021 1032 4,
1041 998 1133 1033 pag.
1157 986 1238 1031 398.

164 1047 269 1093 Pag.
295 1055 380 1089 415,
408 1046 482 1080 lin.
507 1055 564 1086 12,
586 1044 798 1081 Castellani
823 1055 870 1079 ex
895 1045 1007 1079 Nova
1031 1044 1220 1091 Hispania
1244 1045 1283 1079 in
1307 1045 1575 1079 Moluccenses
1593 1043 1739 1078 insulas
1758 1040 1796 1075 in

235 1103 398 1151 quadam
417 1104 507 1139 navi
526 1109 728 1149 venerant,
753 1103 852 1138 duee
879 1103 1070 1138 Roderico
1096 1104 1216 1150 (Ruy)
1241 1103 1371 1150 Lopez
1393 1103 1442 1138 de
1465 1102 1697 1137 Villalobos.
1721 1099 1796 1134 Hic

235 1164 348 1199 simul
367 1174 455 1198 cum
473 1163 664 1198 lusitanae
682 1162 818 1198 classis
836 1162 950 1206 duce,
965 1162 1211 1197 Ferdinando
1225 1162 1274 1197 de
1289 1162 1426 1206 Sousa,
1440 1161 1557 1198 Giloli
1572 1166 1794 1207 tyrannum,

234 1223 390 1258 nomine
409 1223 691 1268 Catabrunum‚
711 1221 966 1269 oppugnavit3
985 1222 1055 1256 sed
1072 1221 1229 1257 rediens
1253 1221 1293 1256 in
1316 1221 1482 1256 insulam
1499 1221 1724 1264 Ternatem,
1742 1217 1797 1253 fe—

233 1281 368 1317 bribus
385 1287 638 1328 consumptus
657 1287 730 1316 est.
751 1282 835 1316 Hac
853 1281 902 1316 de
920 1292 1037 1316 causa
1061 1281 1264 1316 castellani
1288 1280 1453 1327 primum
1476 1279 1516 1315 in
1541 1277 1796 1322 Amboinum,

233 1352 323 1376 mox
342 1341 528 1376 Malacam
546 1352 633 1375 cum
654 1340 822 1375 lusitano
839 1340 938 1375 duce
953 1345 1232 1386 pervenerunt.

164 1402 268 1448 Pag.
289 1400 377 1444 456,
399 1406 536 1437 annot.
563 1409 596 1444 1,
615 1400 688 1435 lib.
711 1401 743 1445 Ι,
762 1412 828 1446 ep.
853 1408 889 1445 5,
909 1400 993 1446 lege
1012 1398 1079 1434 lib.
1100 1399 1152 1445 ΙΙ,
1172 1411 1237 1445 ep.
1263 1407 1296 1444 5.

164 1461 270 1508 Pag.
285 1459 376 1503 458,
396 1459 469 1494 lin.
490 1469 523 1501 Ι,
544 1470 712 1504 muesra,
731 1459 817 1506 lege
834 1463 1022 1506 nauestra.

166 1520 272 1566 Pag.
290 1518 382 1563 464,
404 1519 477 1555 lin.
498 1528 563 1563 29,
579 1518 863 1564 consumpisse,
883 1518 968 1565 lege
986 1517 1293 1564 consumpsisse.

167 1579 272 1626 Pag.
292 1586 378 1623 477,
400 1579 474 1615 lin.
495 1587 556 1619 20,
578 1578 785 1624 maneebos
806 1578 905 1624 lege,
925 1577 1147 1623 maneebos.

170 1638 274 1685 Pag.
293 1646 376 1681 515,
396 1642 528 1673 annot.
550 1646 585 1683 2,
605 1637 695 1672 vide
716 1636 956 1683 superiorem
975 1636 1194 1683 epistolam,
1215 1637 1300 1683 lege
1325 1635 1414 1670 vide
1439 1647 1500 1681 ep.
1526 1635 1586 1678 80,
1604 1638 1737 1669 annot.
1762 1642 1799 1678 2,

240 1703 279 1732 et
297 1708 363 1744 ep.
387 1696 448 1742 84,
467 1709 506 1732 n.
525 1705 558 1733 1.

168 1757 272 1804 Pag.
292 1765 375 1800 515,
396 1757 469 1791 lin.
490 1756 551 1795 28,
571 1756 752 1791 Tarmate
771 1756 856 1802 lege
874 1755 1055 1790 Tarnate.

167 1817 276 1864 Pag.
294 1816 382 1860 558,
402 1821 534 1851 annot.
566 1824 598 1859 1,
616 1803 684 1850 1in
705 1815 775 1860 VI,
794 1815 878 1861 lege
897 1814 963 1849 lib.
980 1814 1028 1848 v.

167 1876 275 1924 Pag.
292 1876 378 1919 565,
399 1876 474 1911 lin.
493 1875 553 1916 18,
574 1887 652 1919 ass,
671 1875 756 1922 lege
771 1876 867 1910 assi.

166 1935 274 1982 Pag.
294 1934 382 1981 683,
400 1936 474 1970 lin.
494 1943 552 1980 17,
572 1946 663 1982 qne,
683 1935 768 1981 lege
786 1945 877 1981 que.

164 1995 270 2043 Pag.
291 2003 370 2040 715,
392 1995 472 2032 lin.
495 2004 529 2037 2,
551 1994 675 2029 Sehor
690 1994 775 2041 lege
794 1993 960 2029 Senhor.

166 2055 271 2101 Pag.
292 2062 373 2099 771,
394 2055 469 2091 lin.
488 2063 548 2099 23,
569 2065 657 2099 nao,
677 2054 763 2101 lege
782 2056 868 2088 nao.

168 2114 275 2161 Pag.
293 2121 376 2159 773,
396 2119 528 2149 annot.
547 2123 584 2158 4,
604 2125 666 2160 ep.
689 2112 769 2159 133,
789 2113 874 2160 lege
893 2124 953 2159 ep.
978 2111 1056 2156 134.

170 2173 277 2220 Pag.
296 2181 378 2218 779.
398 2172 464 2207 Bis
483 2172 674 2219 repetitus
693 2177 753 2207 est
771 2171 810 2207 in
829 2177 939 2207 textu
956 2182 1140 2206 numerus
1159 2181 1196 2216 4,
1214 2171 1304 2206 scil.
1328 2182 1396 2217 pro
1414 2168 1730 2204 annotationibus
1746 2169 1801 2212 4.''

242 2237 282 2268 et
300 2233 368 2276 5.“;
388 2232 490 2267 unde
508 2232 729 2278 corrigendi
747 2237 838 2267 sunt
851 2244 917 2266 nn.
938 2242 975 2277 4,
994 2240 1029 2276 5,
1047 2231 1085 2277 6,
1103 2238 1124 2274 7
1144 2235 1183 2265 et
1200 2230 1236 2272 8,
1256 2235 1297 2265 et
1315 2228 1488 2265 mutandi
1506 2228 1546 2264 in
1564 2239 1634 2263 nn.
1658 2235 1694 2272 5,
1712 2227 1749 2271 6,
1763 2235 1800 2271 7,

242 2290 264 2326 8
283 2296 323 2326 et
339 2302 376 2337 9.
396 2290 694 2338 Consequenter
712 2296 842 2326 annot.
869 2301 891 2335 4
915 2290 1077 2325 deberet
1102 2300 1189 2324 esse
1212 2288 1252 2324 in
1275 2300 1365 2335 pag.
1391 2287 1474 2333 778,
1499 2292 1539 2322 et
1562 2291 1693 2322 annot.
1714 2297 1736 2332 9
1761 2286 1801 2321 in

242 2362 331 2398 Pag-
347 2359 429 2396 779·

172 2412 278 2458 Pag.
299 2411 388 2456 796,
408 2416 540 2446 annot.
565 2420 596 2453 1,
624 2423 688 2458 ep.
710 2410 788 2454 130,
811 2411 897 2458 lege
915 2422 980 2457 ep.
1007 2410 1086 2445 128.

169 2470 275 2519 Pag.
296 2479 390 2516 799,
409 2476 541 2506 annot.
565 2470 621 2513 13,
641 2482 703 2518 ep.
727 2479 805 2512 121,
827 2471 911 2518 lege
930 2481 991 2516 ep.
1016 2478 1099 2504 122.

166 2530 273 2578 Pag.
289 2530 379 2572 800,
400 2535 532 2565 annot.
552 2529 611 2572 23,
631 2542 694 2577 ep.
717 2529 796 2574 123,
817 2531 901 2577 lege
920 2541 985 2576 ep.
1010 2537 1088 2573 124.

168 2590 275 2637 Pag.
293 2589 384 2632 800,
404 2595 537 2625 annot.
558 2597 617 2634 25,
637 2601 698 2636 ep.
722 2597 802 2634 127,
822 2589 909 2637 lege
927 2600 989 2635 ep.
1012 2596 1091 2633 129.

166 2649 277 2696 Pag.
294 2648 382 2694 807.
403 2649 583 2685 Delenda
600 2654 661 2685 est
679 2654 812 2684 annot.
833 2657 868 2690 2,
888 2659 977 2684 nam
995 2646 1221 2682 Fernandes
1239 2645 1430 2681 Sardinha
1448 2656 1549 2680 anno
1565 2643 1655 2689 1548
1672 2643 1712 2679 in
1729 2643 1803 2678 Lu-

239 2707 422 2744 sitaniam
441 2720 625 2744 reversus
644 2714 718 2751 est,
737 2719 838 2743 anno
864 2712 993 2742 autem
1024 2714 1109 2751 1551
1127 2705 1272 2741 Bahiae
1289 2704 1496 2752 episcopus
1512 2703 1587 2739 fuit
1603 2713 1806 2739 consecra-

169 2881 172 2885 ,
227 2851 238 2871 ¹
279 2852 369 2880 Idem
387 2853 539 2887 intellige
554 2853 587 2881 in
602 2853 803 2887 quibusdam
824 2837 904 2879 aliis
925 2851 1021 2885 locis,
1037 2850 1092 2878 ubi
1108 2849 1280 2882 reperitur
1307 2856 1327 2875 a
1347 2848 1485 2876 inverso
1506 2847 1606 2875 modo
1625 2847 1804 2875 collocata.

171 2900 260 2928 utin
275 2907 358 2935 pag.
377 2900 442 2934 338,
454 2901 512 2929 lin.
529 2902 556 2936 ³3
572 2907 651 2935 pag.
666 2899 729 2930 654,
747 2899 807 2927 lin.
828 2900 852 2934 1;
868 2906 946 2934 pag.
961 2898 1025 2931 655,
1040 2897 1101 2925 lin.
1118 2896 1145 2930 93
1160 2904 1238 2932 pag.
1254 2896 1318 2929 665,
1332 2895 1390 2924 lin.
1405 2895 1434 2930 33
1447 2902 1526 2930 pag.
1539 2892 1675 2930 727‚1in.
1691 2892 1733 2922 10.
1756 2932 1759 2941 Ι
