2148 3515
842 282 1095 320 PRooEMmM
1683 302 1736 327 vn

234 386 538 429 NECESSITAS
571 378 732 430 NovAE
765 400 1028 431 EDITIONIS.
1096 389 1224 433 Haec
1248 389 1388 447 igitur
1410 400 1561 437 mente
1590 409 1680 438 non
1709 411 1781 440 se-

88 486 92 487 *
148 462 235 506 mel
257 461 545 507 volventibus
574 463 810 520 coepimus
838 464 1040 521 cogitare
1068 467 1124 509 de
1152 451 1271 510 nova
1301 467 1514 521 editione,
1547 472 1784 515 severioris

146 539 330 585 criticae
366 540 538 597 regulis
575 542 937 596 accommodata,
979 544 1311 601 quamprimum
1345 546 1621 592 adornanda.
1656 550 1782 593 Haec

146 624 321 662 tantum
339 618 453 661 ratio
465 633 548 662 nos
565 620 620 662 ab
638 621 992 676 operenondum
1010 620 1224 678 incoepto
1241 623 1515 679 deterrebat,
1530 625 1781 670 litterarum

144 695 427 752 aliorumque
449 696 719 754 scriptorum
749 699 797 743 S.
830 698 1059 743 Francisci
1089 706 1185 743 tum
1217 701 1522 758 originalium,
1545 710 1640 746 tum
1664 704 1781 747 anti—

144 787 338 830 quorum
361 777 726 832 apographorum
749 775 944 833 exiguus
966 791 1184 822 numerus
1213 778 1344 822 nobis
1366 787 1517 834 notus3
1553 782 1633 825 sed
1655 782 1781 826 labor

141 851 350 895 assiduus
373 851 411 895 si
433 851 583 896 minus
604 854 903 908 voluntatem,
930 855 1089 898 saltem
1106 856 1466 912 expectationem
1484 865 1683 902 nostram
1702 874 1778 903 su—

139 929 330 986 peravit;
356 944 552 986 cumque
574 945 667 974 non
689 932 836 975 solum
858 933 906 977 S.
938 932 1168 976 Francisci
1197 933 1380 990 scripta,
1415 936 1495 978 sed
1524 937 1666 979 multa
1694 936 1779 980 alia

140 1007 196 1051 ad
218 1007 366 1064 ipsum
388 1008 662 1064 pertinentia
683 1009 1030 1064 invenissemus,
1062 1017 1214 1055 mente
1242 1018 1431 1066 mutata,
1464 1028 1778 1071 quaecumque

140 1085 196 1128 ad
218 1085 465 1142 pleniorem
488 1086 645 1131 Sancti
668 1087 977 1144 cognitionem
1006 1089 1261 1132 habendam
1289 1089 1613 1144 inserviebant,
1645 1091 1779 1142 simul

140 1162 187 1206 in
209 1163 356 1207 lucem
379 1164 502 1217 dare,
534 1166 620 1208 sub
649 1165 851 1222 generali
875 1165 1006 1209 titulo
1027 1168 1345 1212 MONUMENTA
1368 1170 1672 1223 XAVERIANA,
1694 1171 1775 1214 de-

138 1240 380 1296 crevimus;
407 1257 552 1298 eoque
574 1243 720 1300 magis
743 1257 849 1300 quo,
875 1243 1145 1301 comparatis
1167 1244 1361 1302 scriptis,
1388 1246 1526 1291 latine
1554 1246 1600 1290 in
1628 1248 1775 1292 lucem

137 1319 285 1373 editis,
311 1334 415 1363 cum
438 1320 760 1377 antiquissimis
783 1321 949 1364 nostris
966 1322 1300 1379 manuscriptis,
1321 1323 1453 1380 plene
1476 1325 1774 1382 cognovimus

137 1397 306 1440 nullam
328 1397 522 1443 existere
545 1399 593 1443 S.
614 1399 650 1442 F
653 1398 843 1443 rancisci
860 1399 1130 1455 scriptorum
1153 1414 1416 1457 germanam
1438 1401 1708 1446 versionem.

224 1477 444 1532 Magnum
472 1475 639 1519 etenim
667 1476 785 1521 inter
814 1476 1075 1522 authentica
1103 1477 1394 1534 epistolarum
1422 1480 1695 1536 exemplaria
1727 1488 1772 1525 et

135 1553 296 1597 latinas
320 1553 636 1598 translationes
658 1553 900 1598 discrimen
927 1554 1180 1599 intercedit:
1214 1555 1288 1599 illa
1316 1555 1498 1613 quippe,
1530 1556 1633 1601 stilo
1662 1558 1745 1601 sim
1762 1584 1771 1590 -

133 1631 236 1688 plici
259 1638 305 1675 et
326 1631 526 1689 ingenuo
549 1631 819 1689 conscripta,
846 1632 994 1688 qualia
1022 1633 1204 1678 demum
1233 1648 1258 1678 e
1291 1635 1479 1689 calamo,
1515 1636 1588 1679 vel
1619 1635 1770 1692 potius

133 1709 190 1752 ab
213 1708 353 1766 ipsius
382 1708 567 1754 Xaverii
598 1709 760 1767 spiritu
788 1709 1094 1764 dimanarunt,
1126 1726 1280 1756 veram
1303 1718 1348 1755 et
1376 1712 1625 1769 genuinam
1653 1728 1769 1769 quo-

133 1787 371 1830 dammodo
394 1786 514 1830 illius
536 1786 650 1831 tanti
671 1787 754 1831 viri
776 1787 1021 1845 imaginem
1039 1788 1170 1833 nobis
1187 1789 1419 1845 exhibent;
1441 1790 1535 1846 qui,
1561 1805 1770 1837 sermone

134 1864 315 1921 quidem
344 1864 548 1908 familiari
576 1872 622 1908 et
650 1865 848 1919 conciso,
881 1881 1004 1910 nunc
1034 1866 1219 1912 fraterni
1248 1867 1412 1911 amoris
1445 1867 1603 1912 intima
1634 1884 1766 1913 sensa

131 1942 360 1986 sodalibus
377 1942 550 1999 pandit,
566 1957 688 1987 nunc
705 1943 804 1987 illos
821 1944 878 1988 ad
892 1943 1073 1988 virtutis
1090 1945 1285 1999 culmen,
1305 1961 1386 2003 per
1403 1947 1664 2003 regularum
1682 1949 1765 1991 ob—

129 2019 401 2064 servantiam
423 2020 759 2077 attingendum,
785 2022 1068 2076 adhortatur3
1088 2022 1183 2078 jarn
1201 2023 1486 2067 subditorum
1509 2024 1760 2068 socordiam

130 2105 176 2141 et
203 2098 408 2142 defectus
431 2097 601 2143 severis
629 2098 1014 2144 admonitionibus
1041 2100 1241 2157 corripit,
1256 2101 1351 2157 jam
1368 2101 1569 2158 ipsorum
1587 2103 1764 2147 labores

128 2182 174 2219 et
196 2175 400 2219 tristitias
415 2182 603 2233 paterna
619 2177 858 2221 dulcedine
880 2178 1076 2223 allevare
1097 2187 1302 2233 conatur3
1324 2179 1459 2223 modo
1476 2177 1761 2224 ethnicorum

129 2259 318 2306 errores,
343 2253 454 2297 vitia
476 2268 715 2310 moresque
738 2255 979 2309 nefandos,
1005 2257 1138 2299 modo
1161 2256 1266 2301 fidei
1290 2257 1538 2301 catholicae
1553 2272 1634 2314 per
1657 2259 1761 2301 bar—

128 2331 259 2374 baras
276 2331 486 2375 indorum
503 2331 714 2395 regiones
729 2347 999 2389 progressus
1013 2333 1168 2377 fusiori
1186 2334 1444 2379 narratione
1457 2335 1758 2392 persequitur.

216 2409 350 2451 Hanc
379 2415 530 2453 tamen
558 2408 642 2452 viri
671 2410 816 2453 sancti
844 2409 1105 2468 imaginem,
1145 2411 1222 2468 qui
1250 2412 1434 2456 Xaverii
1467 2412 1680 2469 epistolas
1718 2413 1763 2456 in

130 2485 336 2530 versione
357 2486 496 2530 latina
519 2493 695 2530 tantum
717 2487 895 2545 legerit,
921 2503 1015 2532 non
1038 2489 1224 2546 perinde
1246 2504 1299 2534 ac
1321 2497 1405 2543 est,
1433 2490 1562 2534 facile
1585 2504 1761 2547 cogno—

129 2567 239 2607 scet:
280 2564 550 2607 obscuratur
586 2564 705 2608 enim
742 2565 984 2621 aliquando
1014 2566 1165 2610 verbis
1193 2566 1512 2623 interpretum,
1540 2567 1616 2623 qui
1638 2582 1760 2611 nunc

128 2648 314 2696 augent,
340 2655 461 2684 nunc
483 2641 711 2697 minuunt,
735 2657 858 2686 nunc
885 2643 1105 2687 sermonis
1132 2644 1405 2701 elegantiam
1433 2652 1758 2701 persequentes

127 2731 220 2760 rem
242 2717 570 2773 aliquantulum
593 2726 786 2763 mutant:
811 2736 865 2764 ea
885 2736 1017 2775 vero,
1043 2722 1152 2765 dum
1173 2721 1219 2765 in
1242 2723 1535 2779 autographis
1557 2722 1757 2779 epistolis

127 2800 205 2836 aut
226 2794 323 2839 aliis
345 2795 524 2853 scriptis
546 2796 798 2854 inspicitur,
825 2805 934 2852 tota,
960 2798 1054 2842 suis
1071 2799 1264 2856 propriis
1282 2815 1334 2843 ac
1351 2799 1515 2843 nativis
1532 2800 1758 2844 coloribus

126 2870 319 2928 depicta,
343 2873 593 2930 legentium
616 2874 776 2919 animis
798 2876 1080 2921 obversatur.
1136 2904 1138 2908 ι

211 2949 247 2992 F
251 2962 405 2994 ONTES
436 2965 701 2997 HISTORICI.
768 2954 830 2997 Ut
852 2959 1005 2997 autem
1028 2960 1210 2998 nostrae
1226 2954 1364 3010 hujus
1381 2953 1659 2998 collectionis
1675 2969 1755 2997 va-

125 3024 192 3067 lor
226 3025 469 3071 historicus
504 3028 673 3073 rectius
709 3029 936 3075 aestimari
972 3031 1136 3084 valeat,
1177 3038 1422 3088 antequam
1453 3032 1510 3075 ad
1548 3030 1755 3087 singulos

128 3101 305 3146 codices
332 3104 613 3150 enucleatius
646 3106 968 3153 describendos
1000 3107 1255 3162 veniamus,
1297 3108 1419 3164 quod
1455 3123 1538 3152 suo
1575 3107 1756 3164 proprio
