2018 3510
326 215 394 251 306
825 216 1102 250 MONUMENTA
1121 213 1376 249 XAVERIANA

278 318 419 360 uitam
443 323 671 360 aeternam
698 318 933 360 haberent.
961 314 1049 358 Hic
1073 320 1171 356 orta
1202 329 1369 370 magna
1390 314 1509 359 inter
1535 329 1614 358 eos
1641 315 1923 361 dissensione

279 394 380 450 quis
419 393 529 436 mihi
567 395 876 450 responderet:
920 393 1101 435 tandem
1138 391 1371 434 iusserunt
1402 406 1556 435 senem
1580 394 1821 447 quemdam
1848 407 1921 436 re·-

277 472 519 528 spondere:
547 479 659 524 erat,
685 471 860 527 opinor,
881 470 1120 526 plusquam
1139 468 1375 524 octoginta
1391 484 1535 514 annos
1552 477 1701 513 natus.
1724 471 1818 523 Ille,
1839 486 1922 514 an-

277 557 461 604 tequam
485 548 594 591 mihi
615 548 901 604 respondeat,
928 545 1183 589 sciscitatur
1213 553 1263 588 ut
1285 546 1431 589 dicam
1454 547 1576 603 prior
1607 547 1715 602 quid
1737 548 1921 592 mandet

274 626 373 671 fieri
410 628 538 670 Deus
574 625 939 669 christianorum.
983 624 1082 678 Ego
1113 637 1236 674 uero,
1263 622 1494 668 intellecta
1515 624 1712 667 hominis
1734 624 1917 679 astutia,

275 719 432 761 parere
455 703 580 746 nolui
603 702 688 745 nisi
711 702 832 758 prior
851 717 876 743 a
905 716 975 743 me
999 700 1324 756 interrogatus,
1356 701 1477 757 prior
1505 702 1640 745 etiam
1670 703 1921 758 responde-

273 789 358 824 ret:
404 780 467 823 ibi
510 779 695 822 infoelix
735 794 874 823 senex
911 777 1146 820 infantiam
1187 792 1314 820 suam
1354 786 1399 822 et
1444 779 1685 822 amentiam
1730 780 1921 835 prodere

273 866 463 902 coactus
481 865 566 909 est,
593 858 748 900 dicens
771 856 857 900 sibi
880 857 970 898 duo
994 871 1020 898 a
1040 855 1126 897 diis
1151 855 1245 898 suis
1268 855 1494 912 imperari,
1517 871 1710 912 quorum
1729 857 1922 901 alterum

274 944 343 981 est
366 951 457 979 non
482 935 689 979 occidere
713 949 893 985 uaccas,
920 948 1032 989 quas
1054 932 1117 974 illi
1147 934 1353 987 adorant,
1387 934 1579 978 alterum
1610 948 1802 990 erogare
1824 935 1920 978 ele-

274 1013 500 1056 emosinas
524 1014 576 1065 ⁵⁶,
602 1019 646 1056 et
684 1013 766 1054 has
803 1010 1111 1062 bramenibus,
1144 1010 1221 1065 qui
1254 1010 1385 1053 idolis
1414 1010 1458 1053 in
1493 1010 1748 1067 pagodibus
1786 1011 1921 1053 mini-

274 1098 434 1133 strant.
459 1090 639 1145 Quibus
662 1089 821 1132 dolens
850 1094 1025 1131 tantum
1050 1087 1166 1142 juris
1194 1088 1364 1131 habere
1392 1088 1638 1131 daemones
1665 1087 1712 1130 in
1740 1091 1920 1131 n0stros

273 1168 519 1224 proximos,
547 1174 596 1208 ut
619 1167 675 1209 ab
699 1165 764 1209 eis
787 1180 868 1221 pro
891 1167 990 1209 Deo
1012 1166 1285 1217 colerentur,
1312 1180 1390 1208 eos
1413 1167 1572 1209 sedere
1589 1165 1720 1221 jussi.
1742 1166 1918 1210 Seden—

273 1245 395 1288 tibus
417 1244 643 1295 omnibus,
669 1242 844 1286 surrexi
866 1243 1064 1297 stetique
1082 1243 1258 1286 medius
1280 1257 1453 1295 eorum,
1475 1244 1565 1286 alta
1582 1257 1696 1286 uoce
1713 1242 1917 1299 ipsorum

271 1322 431 1378 lingua
454 1322 694 1364 simbolum
713 1327 758 1364 et
780 1321 992 1362 mandata
1009 1319 1325 1376 pronunciaui,
1349 1319 1707 1376 uniuscuiusque
1729 1321 1917 1364 manda-

274 1406 422 1442 torum
446 1397 718 1442 sententiam
747 1397 948 1442 breuiter
976 1397 1197 1453 aperiens.
1233 1400 1398 1442 Postea
1421 1399 1561 1441 uerba
1590 1397 1676 1442 feci
1705 1398 1762 1441 de
1786 1413 1918 1455 para-

272 1477 387 1528 diso,
409 1477 466 1519 de
489 1475 661 1527 inferis,
688 1482 732 1518 et
751 1474 828 1530 qui
852 1476 909 1517 ad
924 1477 1008 1518 hos
1032 1476 1105 1519 uel
1122 1476 1178 1518 ad
1201 1475 1303 1518 illos
1325 1482 1432 1517 sunt
1450 1475 1572 1529 ituri3
1598 1475 1660 1517 illi
1684 1490 1810 1529 uero,
1836 1490 1919 1518 au-

271 1554 364 1596 dita
387 1556 472 1597 hac
511 1552 834 1609 disputatione,
876 1552 1010 1595 simul
1031 1567 1189 1596 omnes
1217 1560 1529 1605 surrexerunt,
1557 1553 1818 1608 frequenter
1844 1567 1917 1597 me

272 1632 581 1686 amplexantes
615 1637 660 1675 et
697 1644 789 1672 uno
824 1643 900 1672 ore
938 1630 1202 1674 clamantes:
1234 1632 1381 1675 «Vere
1403 1630 1752 1673 christianorum
1789 1631 1915 1673 Deus

272 1722 409 1752 uerus
432 1715 501 1751 est
525 1710 667 1760 Deus,
701 1706 832 1750 cuius
865 1714 955 1749 tam
979 1721 1124 1762 aequa
1156 1709 1382 1760 mandata,
1410 1714 1500 1750 tam
1530 1707 1692 1750 rationi
1719 1707 1914 1750 naturali

271 1785 468 1828 affinia».
497 1787 738 1841 Rogarunt
761 1800 819 1827 an
842 1784 986 1827 ueluti
1007 1786 1244 1827 brutorum
1268 1784 1528 1827 animalium
1546 1784 1608 1827 ita
1624 1792 1779 1827 nostra
1797 1798 1910 1840 quo-

271 1877 360 1919 que
383 1862 533 1905 anima
556 1877 646 1904 una
669 1876 772 1904 cum
797 1876 986 1918 corpore
1008 1861 1227 1915 interiret;
1254 1861 1331 1904 ubi
1354 1863 1480 1905 Deus
1503 1877 1555 1906 ea
1584 1861 1692 1904 mihi
1720 1861 1912 1905 dicenda

268 1939 594 1996 suppeditauit,
622 1946 672 1981 ut
692 1939 863 1995 liquido
881 1946 927 1982 et
949 1938 1188 1983 manifeste
1210 1939 1387 1983 animae
1409 1938 1793 1983 immortalitatem
1810 1953 1909 1983 cer-

270 2026 445 2061 nerent:
473 2031 590 2073 quae
611 2031 683 2059 res
706 2015 771 2059 eis
796 2016 861 2073 (ut
890 2016 1206 2072 ostendebant)
1233 2031 1425 2072 magnae
1449 2015 1535 2058 fuit
1559 2015 1798 2071 uoluptati.
1820 2017 1904 2058 Ra-

269 2095 416 2138 tiones
454 2094 697 2149 siquidem,
723 2108 842 2148 quae
864 2094 1032 2149 populo
1065 2093 1169 2136 huic
1202 2093 1414 2138 illiterato
1438 2108 1681 2148 rerumque
1709 2092 1911 2136 omnium

268 2172 429 2228 ignaro
452 2172 634 2223 dantur,
661 2185 754 2213 non
784 2178 876 2213 tam
899 2185 1104 2213 morosae
1133 2179 1179 2214 et
1217 2170 1380 2215 anxiae
1418 2185 1518 2214 esse
1550 2170 1735 2222 debent,
1775 2184 1910 2225 quam

270 2263 383 2303 quas
402 2248 676 2290 adamussim
700 2249 909 2291 doctores
937 2247 1197 2290 scholastici
1219 2249 1254 2269 ³⁷
1285 2248 1584 2292 tradiderunt.
1618 2246 1910 2290 Percunctati

267 2332 376 2368 sunt
392 2325 527 2367 etiam
552 2340 641 2379 qua
662 2324 859 2367 hominis
886 2324 1037 2367 anima
1062 2325 1258 2380 erumpit
1287 2340 1388 2368 cum
1420 2325 1626 2367 moritur:
1657 2331 1702 2367 et
1726 2325 1907 2379 quando

265 2404 401 2445 homo
425 2409 663 2458 soporatus
691 2402 885 2445 somniat
915 2417 965 2445 se
992 2401 1040 2444 in
1068 2401 1218 2457 aliqua
1248 2402 1481 2458 prouincia
1504 2416 1603 2446 esse
1625 2402 1746 2457 apud
1774 2408 1906 2445 notos

266 2478 452 2529 amicos,
479 2485 528 2520 ut
552 2478 661 2520 mihi
684 2493 820 2534 saepe
846 2478 1082 2521 vobiscum
1106 2493 1206 2522 esse
1229 2479 1409 2532 accidit,
1444 2479 1490 2522 in
1511 2478 1710 2522 Domino
1733 2477 1904 2521 charis-

266 2555 384 2608 simi,
410 2555 472 2598 an'
498 2556 542 2597 id
566 2556 644 2598 fiat
673 2555 779 2610 quia
800 2555 965 2608 anima,
996 2555 1103 2598 illuc
1139 2556 1451 2612 proficiscens,
1492 2570 1657 2612 corpus
1694 2569 1904 2612 exangue

263 2632 499 2677 destituat.
545 2635 786 2677 Praeterea
822 2648 880 2675 an
902 2635 1030 2677 Deus
1051 2633 1110 2675 sit
1132 2634 1262 2676 albus
1285 2649 1342 2676 an
1364 2633 1512 2690 niger,
1537 2640 1720 2689 propter
1742 2631 1903 2675 discri-
1930 2684 1936 2690 ³
1954 2624 1955 2627 ¹

266 2710 387 2753 mina
409 2710 615 2752 colorum
640 2711 673 2732 ³³
699 2724 815 2765 quae
847 2709 894 2752 in
916 2709 1177 2753 hominibus
1216 2710 1387 2764 uident;
1429 2718 1475 2754 et
1503 2725 1607 2753 cum
1635 2709 1710 2752 hic
1748 2723 1905 2753 omnes

264 2787 355 2830 sint
387 2786 523 2842 nigri,
565 2785 670 2842 quia
693 2786 1008 2841 unusquisque
1037 2787 1208 2830 formae
1235 2802 1345 2830 suae
1374 2795 1546 2831 amator
1574 2794 1658 2839 est,
1699 2786 1803 2830 ideo
1833 2785 1904 2828 ni-

264 2874 399 2921 grum
423 2878 528 2907 eum
552 2877 653 2907 esse
676 2862 968 2915 arbitrantur,
996 2870 1226 2919 tamquam
1251 2864 1539 2908 formosiores
1561 2863 1651 2906 sint
1674 2863 1794 2920 nigri
1815 2865 1902 2906 ho-

334 2971 365 2992 ⁵⁸
415 2981 598 3016 errogare
617 2969 867 3015 elemosinas,
885 2981 960 3005 ms.

329 3030 360 3052 ‘⁷
410 3029 626 3066 adamussim
643 3029 825 3065 doctores
843 3029 1055 3076 scolastici,
1075 3042 1148 3064 ms.
1342 3031 1373 3053 ³⁸
1422 3031 1624 3075 collorum,
1644 3042 1717 3065 ms.
