2049 3360
514 141 647 174 INDEX
672 148 954 176 PERSONARUM
979 149 1142 177 MAxiME
1168 152 1222 178 ET
1246 153 1447 181 LOCORUM
1681 153 1750 191 997

210 242 367 287 retinet,
401 242 437 286 63
481 242 633 276 obtinet
673 246 715 276 ut
749 241 942 277 Xaverius

209 301 368 336 nuntius
388 301 636 347 Apostolicus
654 301 890 347 nominetur,
904 308 940 345 73

208 360 377 394 Xaverio
396 359 627 394 documenta
652 359 849 405 pontificia
868 365 942 394 tra-

209 418 279 462 dit,
299 419 367 462 IX;
387 418 598 453 Xaverium
626 423 665 453 et
683 417 810 453 socios
828 418 941 453 itine-

208 479 260 513 ris
295 477 333 513 in
368 478 516 513 Indiam
547 478 659 513 valde
693 477 940 512 commendat

208 538 384 583 Proregi,
413 537 494 581 2383
517 549 538 572 a
561 537 731 572 Xaverio
755 536 862 583 cupit
880 536 938 571 fu-

204 608 268 632 sas
288 597 436 632 litteras
462 596 652 643 accipere,
679 605 762 640 2403
790 601 829 630 et
847 608 868 630 a
886 596 931 631 S.

205 656 370 701 Ignatio,
390 655 472 700 2433
494 655 662 691 Xaverio
682 656 831 697 scribit,
852 655 936 702 351,

202 713 288 759 352,
306 714 388 759 355;
406 715 489 761 ejus
508 716 615 749 zelus
634 726 655 748 a
673 714 842 749 Xaverio
857 716 935 749 lau-

201 773 327 815 datur,
374 773 454 819 134,
496 783 578 818 2403
624 773 934 808 aedificationem

200 833 328 868 Goani
367 833 523 879 collegii
563 834 764 879 approbat,
800 832 859 877 43;
896 838 935 867 et

200 891 275 937 ipsi
300 904 449 927 annuos
474 891 622 927 reditus
653 891 845 936 concedit,
872 902 932 938 44,

199 949 282 994 371;
300 950 414 996 jubet
437 951 597 986 Xaverii
622 950 771 986 litteras
796 962 817 985 e
844 962 933 996 sug-

197 1015 313 1054 gestu
334 1010 427 1055 legi,
447 1011 515 1054 VI,
536 1010 709 1056 patrinus
728 1015 789 1044 est
805 1010 932 1055 cujus-

199 1067 288 1102 dam
305 1069 425 1115 legati
440 1068 572 1115 indici,
587 1069 635 1103 ad
654 1068 798 1104 Christi
815 1068 931 1103 fidem

196 1129 393 1174 conversi,
412 1127 494 1173 3783
522 1134 564 1163 ut
581 1128 873 1163 concionatores
892 1127 931 1163 in

198 1187 347 1222 Indiam
391 1189 533 1232 mittat,
575 1187 682 1233 cupit
721 1187 928 1231 Xaverius,

195 1247 279 1292 456,
298 1254 382 1291 457;
409 1246 705 1282 saluberrimum
724 1245 927 1281 consilium

194 1306 294 1351 Regi
312 1307 459 1352 datum,
478 1307 561 1351 4583
582 1306 717 1341 scribit
735 1307 928 1342 Xaverius

192 1364 285 1410 quid
316 1365 535 1400 faciendum
566 1377 653 1400 cum
685 1366 853 1411 Prorege
885 1372 927 1401 ut

190 1423 254 1458 hic
271 1423 451 1469 religioni
472 1424 614 1468 faveat,
633 1432 716 1468 4593
737 1435 804 1470 per
822 1424 926 1459 litte-

188 1493 250 1517 ras
284 1483 443 1518 Xaverii
469 1488 509 1517 et
532 1482 709 1528 aliorum,
734 1483 924 1529 quaedam

190 1542 348 1587 negotia
365 1542 527 1588 Joannis
551 1542 600 1577 de
625 1541 777 1586 Castro,
797 1554 925 1589 prore-

188 1601 264 1647 gis,
295 1603 509 1648 morientis,
534 1602 634 1647 Regi
652 1601 924 1637 commendan-

189 1666 265 1706 tur,
290 1662 462 1706 467-4703
488 1661 674 1708 quasdam
703 1661 849 1706 gratias
874 1662 922 1696 ab

188 1719 255 1755 illo
289 1721 388 1767 petit
421 1721 630 1764 Xaverius,
666 1728 748 1765 504,
785 1728 869 1765 505;
902 1733 923 1755 a

188 1780 357 1815 Xaverio
386 1780 537 1816 fortiter
562 1779 804 1825 objurgatur,
836 1788 920 1825 5103

185 1840 418 1875 christianos
437 1840 739 1876 Comorinenses
764 1840 799 1874 ei
818 1851 921 1874 corn-

186 1899 343 1934 mendat
361 1899 568 1943 Xaverius,
588 1907 670 1943 511;
687 1898 849 1945 japones
868 1899 919 1933 le-

181 1958 382 2004 gationem
401 1959 457 1994 illi
476 1959 649 2003 mittunt,
672 1969 747 2005 qua
765 1959 813 1993 ab
832 1958 916 2004 ipso

182 2018 406 2053 sacerdotes
430 2023 583 2064 petunt,
604 2017 671 2064 qui
701 2027 767 2051 eos
794 2017 833 2052 in
858 2028 916 2052 re—

183 2077 257 2112 bus
280 2077 372 2112 fidei
397 2077 604 2122 instruant,
630 2084 713 2122 515,
733 2076 815 2121 562;
837 2077 915 2111 ele-

181 2136 380 2182 emosynis
406 2136 626 2183 japonicam
658 2135 817 2170 Xaverii
849 2147 914 2170 ex-

181 2195 421 2241 peditionem
446 2195 619 2241 adjuvat,
644 2195 727 2240 6923
753 2195 913 2230 Xaverii

181 2254 221 2289 in
240 2265 329 2288 eum
344 2265 450 2289 amor
465 2255 514 2289 ob
530 2253 719 2289 beneficia
738 2259 912 2300 accepta,

179 2311 265 2358 523,
286 2313 368 2359 564,
388 2316 471 2357 565;
492 2313 682 2348 Didacum
701 2313 872 2358 Pereira,
891 2324 913 2347 a

180 2371 349 2406 Xaverio
363 2371 911 2417 commendatum,honoribus

179 2435 221 2465 et
238 2430 440 2466 beneficiis
463 2431 649 2474 cumulat,
678 2439 758 2475 1423
785 2431 820 2466 ei
839 2431 910 2466 Pe-

178 2494 280 2525 trum
305 2490 354 2525 de
382 2490 490 2525 Silva
513 2490 759 2525 commendat
783 2491 909 2526 Xave-

178 2548 272 2593 rius,
293 2557 376 2595 529,
396 2548 478 2593 5303
504 2554 544 2584 et
568 2550 754 2584 Duartem
774 2550 909 2585 Barre—

174 2613 271 2653 tum,
292 2609 374 2654 5693
392 2609 428 2643 ei
447 2608 583 2644 scribit
597 2608 805 2654 Xaverius,
821 2608 907 2653 356-

172 2665 257 2712 361,
289 2666 373 2713 374,
407 2665 697 2725 376,,421-423,
732 2675 904 2712 450-455,

170 2725 359 2771 464,479,
391 2726 475 2772 484,
508 2733 593 2772 502,
617 2734 792 2772 509-512‚
819 2734 904 2770 527-

172 2784 903 2830 530‚568·570‚741-744‚854r858;in-

171 2842 424 2878 formationes
442 2843 490 2878 ad
510 2853 733 2889 processum
752 2843 903 2879 beatifi-

171 2901 336 2937 cationis
371 2901 531 2937 Xaverii
568 2901 681 2948 petit,
721 2903 782 2948 48,
821 2901 900 2947 1983

1064 243 1138 289 ipsi
1158 256 1205 278 ex
1225 245 1334 280 India
1353 246 1574 292 mittuntur,
1599 246 1797 282 X.—FiIii

1063 307 1102 336 et
1132 303 1247 347 filiae,
1281 316 1317 339 v.
1352 305 1589 351 Alphonsus:
1622 306 1792 341 Beatrix:

1062 361 1289 408 Dionysius:
1326 363 1541 398 Eduardus:
1580 364 1792 400 Elisabeth:

1061 421 1302 456 Emmanuel:
1346 422 1478 456 Maria:
1521 422 1795 469 Philippus.—

1062 479 1230 523 Fratres,
1263 492 1299 514 v,
1334 480 1548 516 Eduardus:
1583 481 1792 526 Henricus,

1059 536 1295 573 Ludovicus.

1010 595 1704 643 J0b2sanetus‚534‚541‚548‚555-

1009 654 1170 700 Joseph,
1189 662 1361 699 sanctus,
1381 655 1465 700 834.

1008 712 1135 758 Julius
1170 714 1239 757 III,
1276 726 1387 760 papa,
1429 715 1535 758 X1X;
1575 714 1791 760 jubilaeum

1054 773 1191 818 aperit,
1227 785 1247 807 a
1282 774 1400 809 Paulo
1442 775 1499 808 III
1536 774 1790 820 publicatum,

1054 831 1135 877 739.

1007 892 1147 937 Junco,
1167 892 1250 937 ejus
1270 892 1418 938 signif.‚
1437 900 1524 938 945.

1006 951 1208 996 Jurobara,
1223 951 1424 997 jurobaca,
1450 950 1533 996 773,
1552 952 1636 998 785,
1655 952 1740 987 800.

1369 1071 1418 1109 Κ

1004 1186 1254 1232 Kagoshima,
1274 1199 1311 1221 v.
1332 1186 1584 1232 Cangoxima.

1003 1246 1151 1292 Kanys,
1170 1258 1208 1281 v,
1229 1245 1424 1281 Canisius.

1001 1304 1132 1348 Kasia,
1147 1304 1253 1351 japo,
1270 1305 1336 1351 qui
1360 1305 1472 1340 simul
1498 1317 1586 1340 cum
1611 1307 1724 1342 Anan
1743 1306 1785 1341 li-

1046 1365 1172 1405 brum,
1181 1364 1277 1411 foke
1296 1365 1360 1400 kio
1374 1364 1536 1410 dictum,
1551 1367 1783 1412 composuit,

1049 1431 1128 1468 114.

999 1482 1130 1526 Kioto,
1147 1495 1188 1518 v.
1214 1484 1403 1519 Meacum.

996 1541 1199 1583 Kiousiou,
1218 1541 1344 1577 insula
1361 1541 1562 1588 Japoniae,
1582 1551 1666 1587 579.

997 1599 1206 1635 Kircherus
1224 1599 1433 1646 (Kircher),
1450 1601 1498 1635 P.
1530 1601 1781 1642 Athanasius,

1043 1656 1084 1691 S.
1104 1657 1165 1702 J.,
1186 1655 1267 1691 383.

997 1716 1298 1760 Ko-bo-da'i·sin,
1318 1715 1484 1752 celebris
1499 1704 1605 1763 japo,
1629 1726 1707 1762 114.

996 1775 1333 1820 Kouang-tcheou,
1353 1788 1390 1811 v,
1412 1775 1583 1811 Canton.

995 1834 1271 1881 Kouangtong,
1286 1835 1484 1881 provincia
1497 1836 1679 1880 sinensis,
1694 1836 1777 1881 578.

994 1893 1331 1939 Kunges,nobiles
1349 1894 1423 1929 viri
1437 1895 1775 1941 Japoniae,96‚97.

1365 2016 1404 2054 L

990 2134 1168 2180 Labarta,
1190 2135 1234 2169 P.
1262 2134 1476 2180 Eugenius,
1495 2134 1540 2169 S.
1564 2136 1606 2180 J.
1629 2136 1774 2181 XXIX,

1034 2193 1160 2228 XXX.

986 2251 1130 2297 Lagos,
1149 2252 1212 2286 Fr.
1233 2251 1464 2287 Vincentius
1483 2252 1547 2298 de,
1566 2251 1615 2289 O.
1633 2252 1674 2287 S.
1691 2253 1770 2296 Fr.,

1033 2311 1192 2346 Xaverii
1224 2311 1510 2358 amicissimus,
1545 2312 1583 2347 in
1623 2312 1772 2347 Indiam

1032 2382 1120 2405 cum
1156 2370 1340 2417 episcopo
1376 2371 1674 2417 Alburquerque
1706 2382 1773 2406 ve-

1031 2430 1103 2475 nit,
1138 2429 1228 2474 3603
1264 2431 1473 2475 collegium
1508 2430 1769 2476 Cranganoris

1031 2489 1225 2535 aedificat,
1244 2488 1327 2533 360,
1353 2490 1436 2534 361,
1462 2499 1548 2534 490,
1573 2490 1660 2536 496,
1682 2498 1767 2534 501;

1029 2559 1051 2582 a
1081 2547 1251 2583 Xaverio
1281 2547 1524 2583 sacerdotem
1558 2548 1768 2584 Societatis

1028 2606 1142 2653 petit,
1167 2607 1233 2653 qui
1261 2606 1316 2642 ibi
1335 2612 1539 2653 grammat.
1569 2607 1708 2643 doceat
1728 2614 1768 2643 et

1028 2666 1191 2701 verbum
1216 2665 1291 2700 Dei
1316 2665 1427 2700 festis
1451 2664 1590 2701 diebus
1615 2667 1766 2712 praedi-

1025 2729 1104 2770 cet,
1129 2724 1215 2768 480,
1243 2732 1328 2768 491,
1353 2731 1439 2770 497,
1466 2731 1550 2768 5013
1576 2724 1765 2771 quasdam

1026 2783 1306 2829 indulgentias,
1325 2783 1365 2818 in
1383 2784 1528 2830 templo
1543 2784 1710 2829 Collegii
1725 2788 1765 2819 et

1024 2842 1063 2877 in
1097 2841 1173 2878 alio
1208 2842 1427 2887 lucrandas,
1458 2844 1645 2889 postulat,
1677 2843 1762 2887 481,

1023 2910 1108 2948 491,
1128 2909 1213 2948 497,
1233 2910 1315 2946 502.
