2018 3510
290 272 360 307 386
786 272 1058 308 MONUMENTA
1084 271 1337 305 XAVERIANA

1016 498 1094 538 53

511 604 707 648 SOCIIS
738 603 799 645 IN
833 601 1166 645 LUSITANIA
1199 601 1593 645 DEGENTIBUS

679 715 851 758 Malaca
879 726 930 756 10
952 712 1221 756 Novembris
1253 723 1360 767 1545
1390 713 1419 755 ¹.

234 830 346 865 Duos
363 840 476 876 reges
499 828 623 875 fidem
647 827 881 862 catholicam
905 826 1124 872 complexos
1139 824 1273 872 fuisse
1291 825 1662 872 refert.--Xaverii
1675 825 1870 860 adventus

304 889 357 923 ad
373 887 508 923 urbem
529 886 743 926 Malacam,
763 885 922 930 ejusque
932 885 1026 930 piae
1042 884 1318 929 occupationes
1331 884 1375 919 in
1389 884 1464 919 illa
1477 883 1751 919 civitate.-S.
1774 884 1870 918 Tho-

305 958 394 982 mae
412 950 554 992 corpus
578 946 621 980 in
645 945 788 991 oppido
813 943 989 989 ejusdem
1016 944 1192 978 nominis
1216 944 1417 990 sepultum
1436 944 1560 990 vulgo
1580 943 1871 978 existimari.—

298 1005 477 1051 joannes
509 1005 555 1039 de
583 1004 685 1048 Eyro
706 1003 855 1038 socium
882 1013 960 1037 sese
995 1002 1209 1037 Francisco
1235 1002 1484 1037 addit.—De
1507 1000 1869 1037 macazariensium

306 1065 553 1112 religione.-
567 1062 695 1097 Novos
713 1062 917 1108 operarios
935 1062 988 1096 ad
1006 1061 1189 1096 Indicam
1213 1061 1374 1096 vineam
1398 1061 1622 1096 transmitti
1646 1061 1863 1096 desiderat.

1031 1153 1052 1188 †

988 1191 1104 1247 Jhus

329 1291 627 1335 Charissimos
649 1306 706 1335 en
728 1293 806 1334 X.⁰
831 1292 1086 1334 Hermanos
1109 1297 1129 1318 a
1161 1325 1168 1333 .

328 1370 392 1412 La
415 1368 566 1424 gracia
587 1383 616 1423 y
639 1382 765 1410 amor
787 1368 842 1411 de
865 1369 942 1410 X.⁰
966 1368 986 1395 b
1014 1375 1198 1412 nuestro
1221 1368 1367 1412 Senos
1395 1382 1470 1411 sea
1499 1366 1866 1410 continuamente

240 1459 297 1488 en
319 1452 501 1487 nuestra
523 1444 655 1487 aiuda
676 1459 705 1500 y
727 1445 853 1486 fabor
885 1451 917 1486 0.

334 1534 369 1563 1.
434 1522 502 1563 De
525 1521 567 1563 la
589 1520 713 1563 India
741 1535 791 1563 05
814 1524 987 1564 esereui
1018 1521 1110 1563 mui
1137 1521 1418 1577 largamente
1447 1521 1502 1564 de
1531 1523 1592 1562 mi
1621 1527 1750 1563 antes
1777 1534 1866 1575 que

237 1596 453 1654 partiesse
472 1612 580 1652 para
602 1599 668 1639 105
691 1600 964 1653 Maeaeaoes,
990 1598 1139 1642 donde
1155 1613 1204 1642 se
1220 1597 1419 1642 hizieron
1437 1598 1519 1640 dos
1536 1596 1643 1641 Reis
1660 1597 1861 1653 xpianos.

240 1675 313 1716 Ha
341 1688 435 1717 mes
463 1689 492 1729 y
522 1673 669 1718 medio
695 1688 783 1729 que
810 1675 913 1730 lege
941 1689 999 1717 en
1021 1674 1041 1702 d
1070 1676 1260 1726 Malaca,
1292 1675 1440 1718 donde
1469 1673 1585 1718 estoi
1617 1674 1866 1729 esperando

238 1754 429 1805 monean
451 1765 558 1806 para
579 1750 616 1792 ir
638 1755 664 1793 a
685 1751 752 1794 105
774 1753 1047 1806 Macae-ares.
1075 1751 1265 1803 Partire,
1286 1750 1397 1794 Dios
1419 1750 1577 1795 siendo
1593 1749 1788 1802 seruido,
1808 1750 1864 1793 de

238 1830 341 1882 aqui
370 1834 387 1853 Ε
419 1831 444 1869 a
467 1842 529 1869 un
551 1842 646 1870 mes
667 1843 697 1883 y
717 1828 879 1871 medio.
912 1830 1052 1871 Estan
1074 1835 1194 1871 estos
1224 1829 1481 1882 Macaeares
1508 1827 1522 1854 f
1551 1826 1644 1869 mui
1672 1828 1796 1870 lexos
1822 1834 1860 1880 g,

236 1904 292 1947 de
314 1904 429 1956 Goa,
455 1908 550 1946 mas
572 1905 628 1948 de
651 1904 727 1946 mil
749 1906 923 1961 leguas.
950 1905 1093 1949 Dizen
1115 1905 1182 1947 105
1201 1919 1289 1959 que
1309 1904 1514 1949 vinieron
1540 1903 1564 1931 ¹²
1585 1905 1641 1946 de
1663 1904 1862 1958 aquellas

236 1987 400 2035 partes,
428 1995 516 2035 que
538 1995 586 2023 es
610 1980 744 2025 tierra
766 1981 997 2037 dispuesta
1019 1996 1127 2037 para
1147 1995 1196 2024 se
1218 1982 1354 2025 hazer
1375 1982 1540 2023 mucha
1566 1986 1704 2036 gente
1734 1979 1861 2036 xpia-

235 2071 327 2107 na.,
353 2071 524 2112 porque
547 2072 605 2100 no
629 2057 780 2101 tienen
803 2072 930 2101 casas
951 2058 1008 2100 de
1029 2058 1191 2110 idolos,
1217 2072 1279 2113 ny
1306 2057 1459 2101 tienen
1489 2057 1499 2084 i
1531 2071 1746 2113 personas
1774 2071 1863 2111 que

236 2133 302 2175 los
324 2147 520 2176 mueuan
543 2138 568 2176 a
590 2133 840 2189 gentilidad
866 2134 902 2177 J'.
931 2135 1117 2177 Adoran
1146 2134 1276 2177 61501
1303 2134 1483 2189 quando
1511 2134 1554 2176 10
1584 2147 1715 2186 veen,
1746 2148 1776 2188 y
1803 2147 1862 2175 no

237 2223 292 2263 ay
314 2213 408 2251 mas
438 2209 627 2266 religion
655 2211 712 2254 de
740 2210 989 2267 gentilidad
1016 2218 1145 2255 entre
1175 2212 1284 2254 ellos
1311 2211 1349 2254 ¹³:
1378 2225 1429 2254 es
1461 2217 1600 2267 gente
1629 2221 1718 2265 que
1748 2224 1862 2253 vnos

1591 2323 1610 2355 ψ

294 2356 334 2382 'a‘
352 2356 462 2400 Quae
482 2356 718 2402 praecedunt
736 2357 878 2393 desunt
896 2357 935 2393 in
954 2358 1042 2400 Ro„
1058 2371 1096 2394 n.
1118 2367 1175 2404 24:
1196 2359 1236 2394 in
1254 2359 1357 2394 Mac.
1377 2358 1489 2394 deest
1513 2359 1666 2393 dhus.»

233 2413 252 2438 b
281 2413 405 2448 Deest
420 2414 459 2448 in
480 2414 581 2449 Δίας.
774 2423 791 2442 c
811 2415 932 2451 fauor.
955 2417 1095 2463 Amen,
1115 2417 1203 2459 Ro„
1224 2429 1265 2452 n.
1289 2416 1349 2463 39.
1540 2417 1559 2444 d
1573 2417 1687 2462 lhege
1705 2428 1741 2462 a,
1760 2416 1855 2460 Ro.‚

233 2483 270 2505 n.
298 2481 355 2515 24:
377 2473 504 2518 llegue
523 2475 558 2518 a,
579 2473 684 2509 Mac.
709 2478 745 2509 et
762 2475 858 2516 Ro„
878 2487 916 2510 n.
945 2475 1008 2521 39.
1206 2484 1223 2504 e
1260 2476 1390 2523 daqui,
1418 2477 1506 2518 Ro„
1538 2488 1576 2511 n.
1609 2485 1667 2521 24.

237 2529 251 2556 f
276 2531 428 2566 Desunt
446 2532 624 2577 praeced.
644 2541 685 2577 14
704 2535 824 2569 verba
843 2533 881 2569 in
903 2534 1002 2570 Mac.
1218 2543 1240 2570 g
1266 2537 1397 2581 longe,
1423 2537 1511 2578 Ro„
1536 2548 1574 2570 n.
1607 2534 1667 2580 39.

233 2588 255 2616 h
277 2589 425 2634 uieron,
442 2591 527 2633 Ro„
556 2603 594 2626 n.
626 2600 688 2636 24.
931 2596 940 2621 1'
962 2596 1085 2630 Deest
1103 2595 1143 2630 in
1162 2596 1250 2637 Ro.‚
1270 2607 1308 2630 n.
1331 2604 1388 2640 24.
1608 2595 1620 2630 J'
1651 2593 1857 2640 gentilida—

233 2647 316 2690 des,
337 2648 421 2691 Ro„
444 2661 481 2683 n.
503 2658 563 2693 24.
686 2674 691 2678 -
794 2653 815 2679 k
842 2653 1046 2698 relligioon
1063 2660 1173 2689 antre
1192 2655 1288 2690 ellos
1303 2654 1351 2689 de
1368 2653 1599 2700 gentilidad‚
1617 2654 1704 2695 Ro„
1730 2665 1773 2688 n.
1797 2662 1856 2698 24.

306 2766 316 2787 ¹
367 2766 425 2800 Ex
443 2768 529 2801 cod.
549 2768 663 2803 Rom.
680 2772 838 2817 apogr„
855 2783 892 2805 n.
909 2770 966 2806 33.
983 2772 1141 2807 Habent
1156 2773 1273 2808 etiam
1291 2774 1524 2820 apographa,
1536 2772 1772 2819 praecedens
1797 2783 1859 2807 co-

231 2824 320 2867 deX,
341 2836 410 2859 nn.
435 2824 480 2869 39
498 2831 537 2860 et
556 2835 614 2872 24,
630 2826 722 2862 licet
739 2829 811 2864 hoc
830 2836 1068 2875 postremum
1091 2831 1169 2867 fine
1192 2837 1312 2867 caret:
1339 2834 1426 2868 cod.
1455 2832 1575 2873 Mac„
1601 2831 1645 2867 ff.
1668 2830 1804 2875 38v-39
1821 2841 1852 2875 r;
1905 2832 1909 2835 ’

229 2888 269 2917 et
283 2884 365 2917 cod.
392 2884 598 2930 Villarej„
615 2887 676 2920 2.¹¹
690 2892 790 2932 part.
803 2914 811 2932 ,
827 2900 911 2935 cap.
931 2898 986 2933 103
1003 2891 1073 2925 sed
1087 2903 1164 2927 non
1178 2903 1300 2938 pauca
1314 2896 1451 2936 mutat,
1468 2896 1508 2926 et
1521 2892 1630 2937 plura
1642 2890 1682 2926 in
1696 2900 1741 2925 eo
1754 2890 1856 2925 desi-

229 2941 429 2977 derantur.
454 2943 562 2978 Haec
579 2944 749 2991 quinque
768 2949 987 2994 apographa
1005 2949 1204 2995 hispanice
1223 2956 1314 2986 sunt
1337 2951 1498 2996 scripta.
1523 2950 1668 2985 Extant
1690 2949 1764 2984 alia
1783 2949 1856 2984 tria

226 3001 447 3047 apographa
464 3001 644 3046 lusitana,
664 3003 712 3039 de
738 3004 879 3051 quibus
904 3006 1065 3042 inferius
1080 3009 1455 3055 loquemur.--Vide
1481 3009 1704 3054 TURSELL.,
1724 3008 1795 3044 lib.
1820 3009 1852 3052 Ι,

225 3069 289 3105 ep.
322 3060 591 3106 14:,MEN<:H.,
611 3061 682 3096 lib.
707 3062 757 3107 ΙΙ,
784 3074 850 3109 ep.
874 3063 909 3098 8.
