2018 3510
14 239 16 242 *
14 224 17 230 >
14 208 23 219 f
0 0 23 202 ᾒκγοπ

662 273 800 307 EPJST.
827 270 982 306 88.-23
1009 272 1120 317 JUNn
1142 279 1230 315 1549
1641 269 1709 315 559

127 389 200 425 ne,
227 372 395 428 scripto
418 374 586 417 referre
607 374 664 416 ad
688 373 969 416 Maiestatem
989 380 1112 415 tuam
1131 373 1186 416 de
1204 372 1257 414 iis
1276 372 1352 426 qui
1371 387 1447 426 per
1465 374 1547 413 hos
1565 372 1757 413 Tractus

126 463 230 492 cum
252 450 341 494 fide
363 464 414 492 ac
437 449 672 506 diligentia
694 449 933 492 commisso
955 465 981 493 a
1003 451 1069 492 Te
1091 448 1175 492 sibi
1193 464 1379 492 munere
1400 449 1668 503 funguntur3
1690 447 1753 490 sic

127 527 259 571 velim
282 527 465 570 habeas:
491 529 710 570 Duartem
735 528 989 580 Barretum,
1019 526 1097 581 qui
1125 525 1310 581 negotia
1340 524 1486 580 Regni
1517 524 1581 566 tui
1609 539 1753 579 nuper

127 603 385 660 procuravit
406 604 623 656 Malacae,
649 602 759 645 nihil
782 603 826 645 in
855 618 908 648 ea
936 603 1169 646 functione
1200 601 1404 645 omisisse
1434 602 1554 656 quod
1583 602 1639 643 ab
1670 603 1753 644 ho-

126 680 244 723 mine
267 694 433 736 gnavo,
460 679 698 733 industrio,
723 679 846 723 fideli
868 679 1094 736 expectari
1121 686 1289 736 posset.
1324 680 1390 720 Ita
1419 677 1537 722 enim
1566 692 1752 734 prospe-

125 756 189 799 xit
210 756 458 798 rationibus
480 757 515 798 F
519 755 615 808 isci,
642 756 703 799 ita
725 755 1097 812 Negotiatoribus
1120 755 1244 807 favit,
1271 755 1383 807 iure,
1417 754 1513 798 sine
1535 769 1750 809 persona-

124 847 221 875 rum
260 840 468 888 respectu
507 848 562 877 ex
600 847 746 888 aequo
783 832 997 887 dicundo,
1038 833 1100 876 ita
1136 832 1332 887 denique
1369 831 1414 874 in
1454 831 1664 874 omnibus
1701 845 1750 874 se

120 909 277 966 gessit,
305 917 354 951 ut
377 909 476 964 ejus
494 909 577 952 iste
599 909 892 965 magistratus
909 909 1072 952 honori
1090 910 1210 965 apud
1226 911 1308 952 has
1331 910 1505 952 Gentes
1525 907 1749 951 Maiestati

118 988 243 1029 Tuae
273 985 425 1040 fuerit,
467 985 634 1042 quippe
663 1000 766 1028 cum
790 1001 845 1030 ex
867 988 956 1029 hoc
978 985 1223 1042 specimine
1253 985 1504 1028 iudicantes
1528 984 1749 1027 Homines

118 1063 256 1119 vulgo
295 1064 546 1115 crederent,
589 1064 655 1107 Te
693 1062 925 1106 Ministros
962 1064 1053 1105 huc
1081 1062 1258 1119 Imperii
1289 1061 1376 1104 Tui
1407 1062 1518 1105 tales
1548 1061 1743 1113 mittere,

117 1153 229 1195 quos
250 1139 508 1191 virtutibus,
536 1154 650 1194 quae
674 1138 776 1182 Tibi
798 1139 990 1183 maxime
1016 1139 1331 1195 probarentur,
1363 1138 1620 1194 quibusque
1647 1137 1743 1193 ipse

117 1216 385 1268 abundares,
411 1215 781 1259 instructissimos
803 1215 957 1259 scires.

208 1305 249 1335 2.
314 1292 534 1347 Equidem
563 1292 628 1335 sic
656 1292 863 1335 arbitror:
894 1294 1073 1349 Regum
1102 1306 1154 1334 ac
1188 1291 1449 1348 Principum
1482 1292 1572 1335 late
1603 1290 1747 1347 impe-

117 1369 310 1413 rantium
334 1369 378 1411 in
402 1384 456 1413 eo
476 1369 592 1414 verti
615 1369 822 1426 gloria1n3
848 1369 902 1422 si,
929 1383 1040 1424 quas
1063 1368 1147 1425 ipsi
1164 1384 1244 1425 per
1261 1383 1309 1412 se
1325 1367 1637 1411 administrare
1654 1381 1745 1410 non

114 1452 304 1502 possunt
333 1460 442 1489 suae
469 1445 653 1489 ditionis
680 1453 848 1502 partes,
880 1445 933 1488 iis
961 1445 1244 1488 committant
1273 1460 1468 1500 quorum
1499 1443 1743 1488 existimari

112 1521 278 1566 similes
300 1525 544 1566 honestum
562 1522 671 1578 ipsis
691 1522 765 1576 sit3
787 1537 991 1578 quosque
1016 1521 1177 1578 Populi
1195 1536 1299 1564 cum
1316 1521 1526 1572 viderint,
1548 1534 1744 1575 cumque

114 1599 263 1651 fidem,
290 1599 576 1655 gravitatem,
602 1599 876 1655 aequitatem
899 1599 1099 1655 ipsorum
1124 1614 1209 1641 usu
1237 1597 1562 1654 perspexerint,
1593 1596 1743 1639 studio

113 1675 305 1731 amplexi
328 1675 509 1728 fuerint,
536 1691 794 1732 expressam
817 1675 1014 1732 effigiem
1037 1677 1221 1719 laudum
1246 1689 1297 1717 ac
1320 1676 1534 1719 decorum
1565 1673 1739 1716 Princi-

111 1751 181 1808 pis
201 1752 399 1795 absentis
423 1752 469 1794 in
491 1752 805 1808 praesentibus
826 1754 883 1796 ab
911 1767 965 1795 eo
993 1752 1140 1795 missis
1168 1752 1265 1808 ejus
1294 1751 1501 1804 Vicariis,
1535 1758 1739 1806 spectare

113 1828 197 1871 sibi
235 1843 286 1872 ac
317 1836 470 1874 tenere
499 1829 751 1872 videantur.
786 1831 963 1873 Horum
991 1830 1047 1872 de
1075 1843 1263 1873 numero
1293 1843 1344 1871 ac
1373 1842 1542 1884 genere
1569 1826 1738 1883 optimo

113 1904 436 1959 Ministrorum,
478 1905 555 1961 qui
592 1921 813 1949 summam
856 1906 941 1949 sibi
984 1905 1207 1949 felicitatis
1249 1912 1426 1961 ponunt
1459 1904 1504 1946 in
1540 1904 1738 1959 perfecte

111 1982 403 2036 obsequendo
436 1982 552 2038 Regi
581 1997 680 2035 suo,
722 1984 794 2026 vel
822 1982 1038 2039 imprimis
1066 1989 1134 2025 est
1162 1984 1358 2025 Duartes
1387 1983 1616 2024 Barretus:
1649 1981 1737 2022 hoc

109 2058 286 2101 nomine
309 2058 475 2114 dignus
499 2074 633 2114 quem
656 2059 868 2103 Maiestas
892 2061 991 2102 Tua
1014 2075 1062 2103 re
1084 2073 1136 2101 ac
1158 2058 1379 2114 dignitate
1402 2064 1586 2100 auctum
1608 2056 1732 2109 velit3

107 2133 341 2190 cuiusque,
364 2136 422 2177 ob
439 2135 625 2192 egregie
643 2136 745 2179 Tibi
761 2151 813 2180 ac
831 2135 1122 2191 Reipublicae
1140 2142 1348 2177 navatam
1366 2148 1563 2189 operam,
1583 2146 1735 2175 remu-

108 2211 292 2254 nerandi
321 2213 602 2266 quaerendas
633 2213 893 2256 occasiones
922 2220 1068 2268 putes.
1102 2214 1167 2255 Ea
1196 2226 1312 2267 quae
1339 2210 1430 2252 dixi
1460 2217 1510 2252 ut
1548 2210 1730 2263 faceret,

109 2288 297 2330 multum
335 2288 397 2330 illi
426 2289 629 2331 laborum
659 2289 980 2334 exantlandum
1011 2289 1110 2342 fuit3
1143 2290 1310 2331 multae
1340 2289 1469 2345 (quae
1501 2286 1628 2342 copia
1659 2285 1733 2328 hic
1768 2276 1771 2279 ¹

110 2364 418 2419 Improborum
448 2366 529 2421 est)
569 2365 882 2410 contentiones
920 2365 1249 2421 suscipiendae,
1291 2364 1596 2418 certandaque
1633 2376 1733 2406 cer-

74 2438 81 2447 '
111 2440 289 2483 tamina.

198 2531 238 2572 3.
304 2520 399 2562 Nec
420 2519 631 2575 imputari
656 2526 805 2575 potest
826 2519 871 2561 in
894 2520 1042 2562 locum
1069 2519 1257 2562 idoneae
1279 2518 1515 2571 mercedis,
1548 2531 1628 2574 pro
1656 2531 1730 2560 se-

109 2592 213 2636 dula
235 2594 468 2651 diligentia
491 2603 556 2638 tot
584 2611 820 2648 annorum,
855 2596 1160 2649 Praefectura,
1195 2595 1324 2638 cuius
1352 2594 1552 2647 memini,
1585 2594 1727 2637 Mala—

107 2669 266 2713 censis.
308 2671 508 2714 Primum
546 2672 651 2727 quia
686 2687 794 2715 casu
832 2673 1026 2728 quodam
1056 2673 1223 2715 factum
1253 2679 1337 2726 est,
1369 2680 1418 2714 vt
1448 2685 1605 2728 parum
1643 2669 1727 2726 ipsi

104 2757 373 2799 quaestuosa
395 2750 524 2802 foret3
551 2749 714 2793 deinde
736 2749 841 2805 quia
864 2756 1040 2805 tempus
1062 2749 1159 2805 ejus
1177 2756 1321 2792 totum
1338 2749 1518 2804 explere
1535 2762 1629 2790 non
1645 2761 1725 2803 po-

106 2821 203 2865 tuit:
229 2838 367 2879 quare
389 2826 494 2869 hinc
516 2841 687 2882 pauper
708 2826 913 2870 discedit.
939 2825 1158 2883 Dignare,
1183 2826 1392 2878 Domine,
1413 2826 1454 2869 ei
1470 2825 1721 2874 consulere,

105 2897 257 2954 utique
279 2902 463 2944 Homini
485 2903 771 2959 quantamvis
792 2918 818 2946 a
841 2903 1078 2948 Maiestate
1100 2905 1200 2946 Tua
1221 2903 1411 2960 gratiam
1430 2902 1604 2945 merito.
1626 2901 1725 2944 Ad-

106 2972 262 3032 iungat
282 2992 439 3034 precor
460 2981 586 3023 Deus
609 2980 830 3023 Dominus
859 2981 1023 3024 Noster
1050 2981 1215 3023 multos
1237 2995 1381 3023 annos
1404 2981 1459 3022 ad
1481 2979 1620 3021 vitam
1641 2978 1726 3018 flo—

93 3058 276 3119 rentem
304 3062 349 3098 et
376 3055 551 3100 felicem
582 3047 830 3100 Maiestatis
858 3058 999 3101 Tuae:
1031 3058 1340 3112 concedatque
1369 3072 1448 3112 per
1476 3070 1603 3099 suam
1632 3053 1720 3096 cle-
