2018 3510
331 198 400 234 360
821 205 1094 240 MONUMENTA
1126 207 1379 243 XAVERlANA

279 300 393 343 rium
415 317 470 345 ex
493 301 589 358 ipsa
607 310 735 347 tuum
759 305 918 358 ditant,
947 307 1166 349 tantulam
1193 307 1267 350 vix
1295 309 1558 364 particulam
1582 310 1628 353 in
1657 312 1909 357 subsidium

276 376 574 432 spiritualium
597 381 695 435 ejus
718 383 1039 426 necessitatum
1063 384 1199 440 longe
1222 385 1590 440 gravissimarum
1608 390 1829 433 conferas.
1880 410 1887 412 -

364 470 405 511 9.
472 457 719 513 Negotium
751 460 908 502 salutis
941 460 1190 503 animarum
1222 462 1268 503 in
1300 464 1386 505 hoc
1426 470 1503 515 tuo
1535 464 1688 508 Indiae
1719 468 1902 522 populo,

275 531 349 573 cui
376 533 630 589 prospicere
658 549 713 577 ex
743 536 890 578 officio
922 536 1144 580 incumbit
1172 538 1397 583 Maiestati
1427 542 1568 593 Tuae,
1603 556 1693 596 quo
1722 544 1822 586 loco
1852 558 1904 587 ac

271 614 393 651 statu
415 609 489 663 sit,
516 625 809 667 cognoscere,
836 613 1009 668 opinor,
1042 629 1134 657 non
1164 615 1248 659 erit
1275 615 1519 672 ingratum.
1546 619 1832 675 Iafanapatae
1861 629 1905 665 et

273 685 318 727 in
341 687 435 730 Ora
457 688 666 741 Coulani,
694 689 823 733 facile
848 698 953 733 ante
982 706 1151 734 annum
1180 700 1432 738 vertentem
1455 695 1557 750 plus
1580 696 1782 740 centenis
1805 698 1905 741 Ho-

273 762 443 805 minum
468 764 663 809 millibus
681 767 737 808 ad
755 767 923 810 Christi
942 768 1190 812 Ecclesiam
1208 772 1602 826 aggregabuntur.
1624 773 1728 816 Non
1744 774 1906 829 loquor

270 840 327 882 de
349 842 499 883 Insula
522 842 723 896 Ceilano,
750 844 879 887 cuius
902 846 1075 901 Regem
1099 846 1270 889 utinam
1289 849 1459 890 multus
1476 848 1549 891 ille
1567 863 1656 904 quo
1679 865 1783 893 eum
1800 866 1903 907 pro-

270 919 472 973 sequeris
495 920 716 964 emolliret
739 922 881 976 favor,
914 937 971 965 ne
996 930 1085 966 tam
1114 924 1227 967 dure
1257 925 1489 968 Christum
1512 928 1670 983 Jesum
1698 929 1754 970 ab
1784 928 1905 971 omni

269 1001 396 1050 parte
417 1010 527 1038 suae
550 996 731 1040 ditionis
755 999 990 1052 exclusum
1013 1001 1166 1044 vellet.

364 1084 430 1114 Io.
496 1073 646 1117 Mittat
680 1076 771 1118 huc
801 1090 971 1130 quaeso
996 1077 1208 1121 Maiestas
1241 1080 1339 1130 Tua
1372 1080 1723 1135 quamplurimos
1756 1096 1781 1125 e
1813 1084 1902 1127 So-

268 1148 431 1193 cietate
453 1151 635 1205 Nostra,
662 1152 739 1207 qui
761 1168 851 1195 non
874 1155 1009 1197 modo
1033 1155 1259 1198 sufficiant
1280 1156 1559 1212 baptizandis
1578 1165 1622 1200 et
1646 1159 1902 1203 Christiana

268 1227 484 1270 Doctrina
506 1228 763 1273 imbuendis
787 1237 876 1273 tam
900 1231 1053 1274 multis
1077 1233 1350 1276 Hominibus
1373 1234 1450 1289 qui
1472 1234 1517 1276 in
1540 1234 1665 1279 hisce
1683 1237 1901 1280 tractibus

266 1304 323 1346 ad
346 1304 480 1347 fidem
504 1306 673 1349 Christi
696 1309 1054 1363 amplectendam
1078 1310 1372 1364 inducuntur3
1399 1313 1479 1355 sed
1502 1311 1635 1355 etiam
1658 1327 1714 1355 οΧ
1737 1314 1901 1369 quibus

266 1382 498 1424 abundent
521 1383 596 1437 qui
620 1383 735 1426 mit‘ti
758 1385 932 1441 possint
956 1388 1191 1440 Malacam,
1224 1395 1269 1431 et
1297 1388 1343 1431 in
1372 1388 1584 1432 finitimas
1618 1389 1658 1433 ei
1688 1390 1800 1433 Vrbi
1829 1406 1901 1435 re-

267 1458 442 1514 giones,
470 1460 547 1502 ubi
569 1476 691 1504 nunc
714 1462 893 1517 plurimi
918 1464 1099 1507 Christo
1122 1466 1230 1507 dant
1247 1480 1427 1510 nomen.
1456 1468 1507 1509 P.
1536 1466 1754 1523 Magister
1775 1469 1902 1511 Iaco-

267 1536 369 1589 bus,
396 1544 441 1580 et
462 1537 685 1580 Dominus
716 1540 887 1582 Paulus
911 1541 924 1561 5
949 1540 994 1582 in
1025 1541 1232 1597 Collegio
1263 1543 1458 1586 Sanctae
1485 1543 1611 1587 Fidei
1642 1551 1897 1587 versantur.

267 1612 329 1655 Hi
353 1614 563 1668 quoniam
587 1615 766 1671 copiose
789 1617 845 1659 ad
868 1617 1150 1661 Maiestatem
1175 1620 1318 1661 Tuam
1336 1619 1541 1663 scribunt
1563 1621 1618 1663 de
1640 1620 1715 1664 illa
1732 1622 1901 1665 Sancta

265 1691 429 1744 Domo,
455 1690 564 1733 nihil
589 1691 634 1733 in
657 1707 871 1747 praesens
894 1695 950 1738 de
979 1710 1031 1738 ea
1053 1695 1214 1749 dicam;
1246 1695 1333 1739 nisi
1361 1698 1483 1751 quod
1514 1704 1619 1753 peto
1649 1697 1694 1740 in
1723 1712 1898 1740 summa

263 1774 391 1822 parte
413 1767 601 1823 gratiae,
626 1783 682 1812 ne
705 1777 921 1825 gravetur
944 1773 1042 1814 Tua
1064 1771 1276 1815 Maiestas
1308 1773 1505 1817 scribere
1537 1775 1702 1817 Cosmo
1735 1775 1897 1831 Agne-

264 1844 348 1896 zio,
376 1851 425 1886 ut
448 1846 629 1899 quando
652 1845 770 1889 idem
798 1847 962 1903 coepit,
994 1848 1113 1892 idem
1137 1850 1360 1905 promovit
1388 1851 1606 1894 Sanctum
1633 1850 1744 1894 illud
1772 1852 1897 1894 Con·

265 1920 540 1974 tubernium,
565 1924 813 1978 perducere
839 1924 935 1980 ipse
967 1927 1024 1968 ad
1057 1926 1288 1982 fastigium
1320 1928 1542 1983 pleneque
1574 1929 1808 1972 absolvere
1840 1944 1896 1972 ne

263 1998 466 2052 desistat3
493 2014 578 2043 nec
601 1999 647 2042 in
669 2002 755 2043 hoc
778 2001 1069 2059 defatigetur:
1102 2004 1398 2046 constituram
1427 2005 1546 2047 enim
1574 2005 1612 2049 ei
1638 2021 1664 2048 a
1683 2007 1782 2049 Deo
1804 2005 1897 2062 pri-

262 2089 402 2126 mum,
431 2083 524 2118 tum
548 2077 684 2120 etiam
707 2093 733 2121 a
756 2078 993 2123 Maiestate
1022 2082 1121 2124 Tua
1148 2081 1333 2137 dignam
1361 2082 1579 2137 praeclari
1609 2082 1755 2139 operis
1777 2097 1897 2126 mer-

262 2152 435 2195 cedem.

356 2241 422 2272 11.
488 2232 523 2273 F
527 2231 759 2275 ranciscus
788 2233 995 2277 Mansilla
1029 2242 1074 2279 et
1105 2236 1204 2291 Ego
1235 2250 1468 2279 versamur
1500 2236 1546 2278 in
1579 2236 1896 2280 Promontorio

260 2306 491 2348 Comorini
513 2321 617 2350 cum
640 2309 907 2353 Christianis
931 2325 1044 2366 quos
1074 2312 1181 2355 fecit
1209 2312 1403 2356 Michael
1431 2313 1598 2356 Vazius
1628 2314 1895 2370 Proepisco-

260 2397 345 2437 pus
383 2383 552 2428 Indiae.
596 2386 730 2428 Nunc
768 2387 913 2430 habeo
944 2402 1121 2431 mecum
1156 2395 1246 2432 tres
1279 2390 1546 2433 Sacerdotes
1577 2405 1633 2433 ex
1660 2390 1894 2446 ¹Indigenis

259 2460 358 2513 ejus
382 2467 542 2505 terrae.
570 2461 825 2518 Collegium
850 2464 1173 2521 Cranganoris,
1200 2466 1321 2520 quod
1343 2480 1456 2522 opus
1473 2473 1541 2509 est
1559 2466 1706 2510 Patris
1723 2466 1894 2510 Fratris

260 2535 489 2580 Vincentii
517 2538 550 2589 ⁴,
583 2539 761 2595 magnis
792 2540 1083 2585 incrementis
1115 2542 1346 2585 adolescit:
1382 2549 1442 2595 et,
1479 2543 1516 2586 si
1549 2543 1761 2587 Maiestas
1795 2546 1893 2586 Tua

329 2656 343 2675 ³
395 2655 582 2701 Magister
601 2657 772 2694 Didacus
791 2659 840 2694 de
858 2661 986 2695 Borba
1005 2666 1044 2695 et
1062 2661 1110 2696 P.
1135 2662 1278 2696 Paulus
1293 2662 1473 2698 Camers.

328 2716 343 2736 ⁴
392 2714 487 2760 Ejus
506 2727 649 2751 nomen
668 2723 750 2752 erat
769 2719 836 2754 Fr.
861 2719 1094 2755 Vincentius
1120 2720 1168 2755 de
1189 2721 1332 2767 Lagos,
1360 2720 1413 2758 O.
1438 2721 1481 2756 S.
1508 2722 1575 2756 Fr.
1600 2721 1692 2756 «Foi
1710 2721 1887 2757 confirm.

257 2773 489 2820 [Episcopus
509 2775 680 2819 Joannes
695 2777 743 2811 de
763 2777 1078 2826 Alburquerque]
1097 2792 1118 2815 a
1140 2788 1178 2814 11
1197 2781 1282 2816 abr.
1311 2780 1415 2827 1537,
1432 2792 1452 2815 e
1471 2780 1606 2827 depois
1621 2781 1670 2816 de
1685 2792 1787 2826 sagr.
1804 2781 1896 2816 veiu

255 2845 279 2867 a
297 2832 407 2868 India
425 2845 487 2867 em
510 2833 599 2879 1539
618 2836 803 2871 trazendo
822 2838 997 2883 comsigo
1018 2839 1146 2885 Diogo
1165 2839 1213 2874 de
1232 2840 1359 2875 Borba
1380 2852 1402 2875 e
1420 2840 1471 2875 fr.
1502 2841 1668 2875 Vicente
1685 2840 1734 2875 de
1753 2840 1894 2886 Lagos,

255 2902 414 2938 pessoas
432 2892 626 2928 virtuosas
646 2905 667 2928 0
686 2905 772 2930 com
791 2896 1008 2932 eminencia
1027 2900 1286 2944 exemplares,
1305 2910 1381 2946 que
1398 2898 1679 2944 grandemente
1697 2898 1893 2944 ajudaram

254 2963 302 2987 ao
326 2956 437 2987 santo
461 2953 531 2998 bp.
568 2965 617 2988 na
648 2953 944 3000 administracao
968 2968 989 2990 e
1015 2956 1195 2992 doutrina
1218 2958 1266 2993 de
1293 2970 1382 2993 suas
1408 2959 1613 2993 ovelhas.»
1639 2958 1888 3002 NAZARETH‚

256 3012 403 3047 Mitras
427 3012 537 3047 lusit.
562 3025 613 3048 no
643 3013 820 3055 Oriente,
852 3019 884 3049 t.
921 3015 953 3061 1,
983 3027 1076 3061 pag.
1109 3025 1154 3051 20
1179 3018 1257 3060 (2.⁸³
1280 3017 1514 3062 edit.).—Et
1538 3018 1578 3053 in
1597 3017 1733 3052 eodem
1758 3028 1889 3064 opere,
