2018 3510
564 240 701 274 Episr.
735 247 885 284 17.-15
914 240 1114 285 JANUARII
1145 249 1234 285 1544
1603 244 1671 289 307

73 341 275 385 minibus
297 341 425 383 albis.
453 340 575 384 Hinc
599 349 649 383 ut
677 340 920 396 plurimum
945 341 1065 384 idola
1087 356 1244 386 eorum
1275 352 1381 385 sunt
1404 345 1553 400 nigra,
1586 362 1721 403 saepe

76 420 181 463 oleo
205 426 357 471 uncta,
382 419 710 474 supramodum
732 417 868 470 olida,
895 417 998 462 uisu
1023 433 1133 462 uero
1155 420 1269 463 adeo
1293 420 1425 463 foeda
1448 423 1499 473 ⁵⁹,
1529 431 1577 465 ut
1600 426 1722 468 solus

81 512 237 542 eorum
262 503 473 552 aspectus
495 495 749 539 intuentem
780 503 960 539 terreat.
988 495 1170 551 Quibus
1200 497 1412 540 omnibus
1447 501 1725 553 quaestioni-

84 577 171 627 bus
209 573 424 626 satisfeci,
457 580 591 629 prout
619 587 776 617 eorum
815 587 976 628 capere
1014 572 1251 630 ingenium
1284 575 1449 630 potuit.
1478 577 1594 618 Cum
1619 593 1726 623 uero

84 653 266 696 tandem
297 666 375 696 eos
405 651 555 694 uerbis
584 665 741 694 eorum
778 665 968 695 conarer
1005 651 1233 703 euincere,
1274 651 1565 707 diceremque
1587 654 1723 710 ipsos,

84 730 451 787 quandoquidem
471 729 710 773 ueritatem
728 729 897 772 scirent
913 730 1072 785 (unum
1088 728 1261 772 scilicet
1277 744 1378 773 esse
1390 732 1538 774 Deum
1557 733 1727 775 solum-

78 823 173 864 -que
189 807 502 862 adorandum),
522 806 791 850 christianos
809 821 909 850 esse
926 814 1152 862 oportere,
1174 809 1506 862 responderunt
1524 808 1584 860 id,
1608 812 1726 864 quod

83 885 213 928 multi
237 892 463 927 nostrates
500 885 662 927 solent:
708 883 859 939 «Quid
891 884 948 928 de
986 883 1117 926 nobis
1155 884 1229 926 alii
1252 884 1417 928 dicturi
1441 893 1564 938 sunt,
1597 887 1633 929 si
1662 888 1727 931 sic

84 971 282 1007 nostram
316 961 498 1005 uiuendi
527 962 677 1018 legem
701 961 1051 1006 mutauerimus?
1081 962 1203 1004 unde
1231 962 1362 1005 nobis
1391 964 1447 1005 ad
1476 963 1616 1006 uitam
1646 980 1726 1009 ne—

80 1040 281 1086 cessaria
315 1038 617 1094 parabimus?»
654 1038 856 1094 aliasque
888 1038 1046 1083 inanes
1078 1053 1239 1082 causas
1269 1041 1513 1084 nectebant
1546 1049 1596 1084 ut
1625 1042 1728 1085 filiis

85 1116 363 1162 diffidentiae
385 1117 421 1138 ⁴⁰
444 1131 541 1160 mos
563 1124 648 1161 est.

184 1209 249 1240 12.
319 1198 471 1240 Unum
509 1196 656 1238 solum
693 1195 954 1237 bramenem
993 1193 1148 1238 inueni
1185 1195 1231 1237 in
1264 1197 1458 1251 quadam
1497 1197 1610 1241 urbe
1640 1213 1729 1241 non

88 1275 274 1318 omnino
298 1273 509 1326 ignarum
547 1272 795 1323 literarum,
837 1278 888 1314 ut
924 1271 1001 1327 qui
1031 1271 1077 1314 in
1114 1273 1309 1327 quadam
1343 1273 1498 1329 magni
1535 1274 1731 1321 nominis

89 1353 246 1395 schola
259 1350 470 1394 didicisse
488 1349 732 1393 diceretur:
751 1356 1026 1405 quapropter
1043 1349 1201 1393 curaui
1215 1350 1446 1394 hominem
1463 1352 1729 1405 conuenire,

84 1429 351 1485 *excogitata
390 1428 572 1471 tandem
596 1427 670 1470 uia
707 1441 798 1482 qua
820 1426 866 1469 id
895 1427 1039 1469 fieret.
1081 1428 1199 1470 Cum
1223 1428 1363 1484 igitur
1402 1430 1536 1471 ambo
1565 1429 1734 1485 pariter

91 1522 312 1555 essemus,
338 1506 374 1549 is
397 1505 505 1548 mihi
534 1505 648 1548 dixit
677 1505 809 1548 ualde
832 1519 996 1549 arcane
1018 1520 1175 1549 eorum
1208 1505 1420 1561 primum,
1447 1521 1562 1561 quae
1585 1508 1642 1550 ab
1664 1507 1734 1551 his

91 1586 224 1638 fiunt,
246 1583 323 1640 qui
342 1583 386 1626 in
405 1598 562 1627 eorum
579 1583 737 1625 schola
754 1583 934 1634 docent,
955 1581 1184 1635 videlicet,
1202 1583 1259 1626 ad
1276 1582 1590 1626 iusiurandum
1609 1599 1734 1627 com-

91 1663 266 1719 pellunt
285 1661 515 1704 auditores
538 1661 735 1714 futuros,
762 1660 885 1715 quod
906 1674 1140 1715 nunquam
1159 1675 1228 1713 ea,
1250 1675 1367 1715 quae
1389 1661 1587 1704 audituri
1609 1670 1732 1716 sunt,

93 1739 307 1796 mysteria
345 1738 631 1791 reuelabunt;
666 1736 762 1793 ipse
794 1744 946 1781 tamen
983 1751 1036 1780 ea
1059 1738 1192 1780 ualde
1229 1752 1393 1781 arcane
1423 1738 1531 1781 mihi
1554 1746 1737 1795 propter

89 1816 353 1868 amicitiam,
380 1831 495 1871 quae
514 1815 631 1859 inter
653 1830 737 1858 nos
759 1822 864 1858 nata
888 1821 1000 1867 erat,
1027 1814 1220 1870 aperuit.
1243 1817 1452 1871 Quorum
1476 1830 1617 1859 unum
1640 1824 1736 1860 erat

96 1911 153 1940 ne
176 1909 264 1948 unq
276 1909 374 1937 tiam
398 1893 601 1937 dicerent
625 1907 766 1936 unum
790 1907 890 1936 esse
911 1894 1079 1944 Deum,
1105 1899 1354 1935 creatorem
1378 1893 1492 1936 coeli
1510 1901 1555 1936 et
1575 1901 1734 1948 terrae,

94 1972 172 2028 qui
194 1972 241 2015 in
259 1971 396 2015 coelis
418 1978 505 2025 est,
531 1985 666 2026 quem
689 1969 774 2026 ipsi
797 1970 1053 2021 adorarent,
1086 1985 1180 2013 non
1213 1970 1350 2022 idola,
1383 1985 1500 2025 quae
1529 1972 1739 2018 demonia

93 2065 198 2094 esse
221 2049 440 2092 sciebant.
464 2050 584 2093 Sunt
601 2049 721 2104 apud
739 2063 817 2092 eos
835 2047 952 2099 libri,
974 2047 1020 2090 in
1043 2047 1211 2102 quibus
1227 2049 1441 2091 mandata
1463 2048 1551 2092 Dei
1573 2049 1740 2105 scripta

97 2134 219 2171 s'unt:
246 2127 404 2183 lingua
422 2134 590 2180 autem,
617 2141 733 2182 quae
751 2125 839 2168 illis
861 2125 908 2167 in
929 2125 1099 2168 scholis
1116 2126 1322 2177 docetur,
1349 2132 1417 2168 est
1437 2126 1580 2170 ueluti
1602 2127 1742 2171 latina

91 2206 218 2262 apud
240 2220 337 2248 nos.
366 2204 454 2248 Hic
476 2204 585 2247 mihi
607 2203 876 2248 memorauit
909 2203 1043 2247 ualde
1066 2202 1339 2246 adamussim
1373 2203 1406 2224 ‘²¹
1431 2205 1589 2248 decem
1613 2220 1743 2247 man—

93 2285 219 2336 data,
246 2290 291 2327 et
314 2282 540 2337 quomodo
564 2283 923 2338 unumquodque
945 2295 1102 2325 eorum
1125 2280 1408 2334 intelligatur
1436 2282 1554 2325 bene
1582 2283 1743 2326 admo-

95 2362 208 2405 dum
231 2359 434 2403 diseruit.
457 2359 568 2404 Dies
590 2374 775 2415 quoque
797 2358 1048 2402 dominicos
1066 2357 1142 2414 qui
1160 2357 1386 2401 doctiores
1409 2366 1516 2401 sunt
1539 2366 1741 2413 seruant,

104 2454 240 2496 supra
263 2454 396 2494 quam
421 2437 544 2482 credi
574 2437 732 2494 possit,
766 2437 932 2493 quibus
964 2451 1056 2479 non
1078 2436 1381 2492 pronunciant
1414 2436 1545 2480 aliam
1578 2438 1740 2481 oratio-

105 2532 208 2561 nem
231 2516 315 2560 nisi
335 2519 674 2571 hanc,eamque
695 2515 892 2571 saepius:
909 2513 1126 2567 «Omciri,
1147 2513 1540 2568 naraina,noma;»
1556 2516 1643 2558 hoc
1660 2523 1744 2568 est,

109 2595 272 2638 «adoro
296 2603 354 2645 te,
382 2596 525 2647 Deus,
551 2607 655 2636 cum
679 2600 758 2636 tua
786 2591 933 2648 gratia
962 2599 1007 2634 et
1036 2590 1205 2634 auxilio
1234 2590 1281 2633 in
1313 2598 1589 2635 aeternum.»
1622 2592 1749 2636 Dixit

51 2704 55 2709 ,
100 2672 240 2717 etiam
264 2671 389 2724 mihi,
412 2671 498 2714 sibi
522 2671 716 2714 uetitum
739 2685 840 2713 esse
862 2670 966 2725 lege
988 2676 1178 2711 naturae
1201 2669 1369 2712 habere
1391 2670 1545 2725 plures
1566 2685 1746 2715 vxores:

108 2763 156 2793 se
178 2764 361 2806 quoque
384 2750 554 2793 habere
575 2748 622 2791 in
646 2747 741 2792 suis
762 2746 888 2790 libris
912 2747 1006 2790 fore
1030 2745 1275 2802 aliquando
1299 2754 1348 2789 ut
1369 2761 1528 2790 omnes
1551 2748 1637 2791 sub
1662 2763 1752 2796 una

101 2828 209 2885 vlege
234 2828 406 2871 uiuant.
429 2826 504 2870 Ad
525 2828 640 2870 haec
661 2824 817 2868 retulit
839 2824 885 2866 in
907 2824 1002 2867 suis
1025 2823 1192 2867 scholis
1214 2825 1367 2867 doceri
1390 2824 1588 2881 magiam
1612 2832 1658 2870 et
1680 2825 1751 2868 in-

106 2905 407 2949 cantationes.
443 2902 702 2947 Postulauit
737 2917 762 2945 a
791 2917 862 2945 me
892 2900 977 2944 sibi
1010 2900 1209 2944 uicissim
1239 2901 1433 2945 reuelari
1460 2901 1610 2957 capita
1637 2901 1754 2958 legis

185 3061 217 3083 ³⁹
266 3060 370 3107 feda,
388 3072 461 3096 ms.
663 3060 694 3080 ¹⁵⁰
744 3056 995 3101 defidentiae,
1015 3069 1088 3091 ms.
1283 3056 1312 3078 ⁴¹
1365 3056 1593 3102 adamusim,
1613 3069 1691 3092 ms.
