<?xml version="1.0" encoding="UTF-8"?>
<!DOCTYPE html PUBLIC "-//W3C//DTD XHTML 1.0 Transitional//EN"
    "http://www.w3.org/TR/xhtml1/DTD/xhtml1-transitional.dtd">
<html xmlns="http://www.w3.org/1999/xhtml" xml:lang="en" lang="en">
 <head>
  <title>
</title>
<meta http-equiv="Content-Type" content="text/html;charset=utf-8" />
  <meta name='ocr-system' content='tesseract 3.04.00' />
  <meta name='ocr-capabilities' content='ocr_page ocr_carea ocr_par ocr_line ocrx_word'/>
</head>
<body>
  <div class='ocr_page' id='page_1' title='image "./monumentaxaveria1601fran_0571.png"; bbox 0 0 2018 3510; ppageno 0'>
   <div class='ocr_carea' id='block_1_1' title="bbox 0 1085 11 1421">
    <p class='ocr_par' dir='ltr' id='par_1_1' title="bbox 0 1085 11 1421">
     <span class='ocr_line' id='line_1_1' title="bbox 0 1085 11 1421; textangle 90"><span class='ocrx_word' id='word_1_1' title='bbox 0 1330 11 1421; x_wconf 56' lang='grc' dir='ltr'>,Ω</span> <span class='ocrx_word' id='word_1_2' title='bbox 0 1133 11 1305; x_wconf 32' lang='lat' dir='ltr'>‚taxa---⁴</span> <span class='ocrx_word' id='word_1_3' title='bbox 6 1085 10 1104; x_wconf 60' lang='grc'>,-</span> 
     </span>
    </p>
   </div>
   <div class='ocr_carea' id='block_1_2' title="bbox 9 1603 15 2392">
    <p class='ocr_par' dir='ltr' id='par_1_2' title="bbox 9 1603 15 2392">
     <span class='ocr_line' id='line_1_2' title="bbox 9 1603 15 2392; baseline 0 0"><span class='ocrx_word' id='word_1_4' title='bbox 9 1603 15 2392; x_wconf 95' lang='lat' dir='ltr'> </span> 
     </span>
    </p>
   </div>
   <div class='ocr_carea' id='block_1_3' title="bbox 13 2533 19 3095">
    <p class='ocr_par' dir='ltr' id='par_1_3' title="bbox 13 2533 19 3095">
     <span class='ocr_line' id='line_1_3' title="bbox 13 2533 19 3095; baseline 0 0"><span class='ocrx_word' id='word_1_5' title='bbox 13 2533 19 3095; x_wconf 95' lang='lat' dir='ltr'> </span> 
     </span>
    </p>
   </div>
   <div class='ocr_carea' id='block_1_4' title="bbox 0 3099 41 3510">
    <p class='ocr_par' dir='ltr' id='par_1_4' title="bbox 0 3099 41 3510">
     <span class='ocr_line' id='line_1_4' title="bbox 0 3099 26 3510; textangle 90"><span class='ocrx_word' id='word_1_6' title='bbox 0 3192 26 3510; x_wconf 38' lang='grc' dir='ltr'>κζ’-.ῃψμι,</span> <span class='ocrx_word' id='word_1_7' title='bbox 16 3099 19 3183; x_wconf 26' lang='grc' dir='ltr'>,--ᾼ-</span> 
     </span>
     <span class='ocr_line' id='line_1_5' title="bbox 32 3496 41 3510; textangle 90"><span class='ocrx_word' id='word_1_8' title='bbox 32 3496 41 3510; x_wconf 79' lang='grc'>..</span> 
     </span>
    </p>
   </div>
   <div class='ocr_carea' id='block_1_5' title="bbox 682 201 1730 250">
    <p class='ocr_par' dir='ltr' id='par_1_5' title="bbox 682 201 1730 250">
     <span class='ocr_line' id='line_1_6' title="bbox 682 201 1730 250; baseline -0.004 -9"><span class='ocrx_word' id='word_1_9' title='bbox 682 206 821 241; x_wconf 81' lang='lat' dir='ltr'><strong>EPIST.</strong></span> <span class='ocrx_word' id='word_1_10' title='bbox 840 205 995 240; x_wconf 84' lang='lat'>81.—22</span> <span class='ocrx_word' id='word_1_11' title='bbox 1015 205 1125 250; x_wconf 84' lang='lat' dir='ltr'>JUNII</span> <span class='ocrx_word' id='word_1_12' title='bbox 1145 213 1234 249; x_wconf 78' lang='lat'>1549</span> <span class='ocrx_word' id='word_1_13' title='bbox 1663 201 1730 242; x_wconf 46' lang='lat'>§33</span> 
     </span>
    </p>
   </div>
   <div class='ocr_carea' id='block_1_6' title="bbox 1661 241 1678 248">
    <p class='ocr_par' dir='ltr' id='par_1_6' title="bbox 1661 241 1678 248">
     <span class='ocr_line' id='line_1_7' title="bbox 1661 241 1678 248; baseline 0 0"><span class='ocrx_word' id='word_1_14' title='bbox 1661 241 1678 248; x_wconf 52' lang='lat' dir='ltr'>v</span> 
     </span>
    </p>
   </div>
   <div class='ocr_carea' id='block_1_7' title="bbox 133 303 1776 1901">
    <p class='ocr_par' dir='ltr' id='par_1_7' title="bbox 133 303 1776 1504">
     <span class='ocr_line' id='line_1_8' title="bbox 135 303 1776 360; baseline -0.004 -6"><span class='ocrx_word' id='word_1_15' title='bbox 135 308 382 354; x_wconf 81' lang='lat' dir='ltr'>exterritus</span> <span class='ocrx_word' id='word_1_16' title='bbox 420 308 731 359; x_wconf 77' lang='lat' dir='ltr'>exclamasset,</span> <span class='ocrx_word' id='word_1_17' title='bbox 758 321 811 350; x_wconf 91' lang='lat' dir='ltr'>eo</span> <span class='ocrx_word' id='word_1_18' title='bbox 840 307 1034 349; x_wconf 80' lang='lat' dir='ltr'>clamore</span> <span class='ocrx_word' id='word_1_19' title='bbox 1057 305 1253 360; x_wconf 89' lang='lat' dir='ltr'>reliquos</span> <span class='ocrx_word' id='word_1_20' title='bbox 1283 304 1501 349; x_wconf 86' lang='lat' dir='ltr'>excitatos</span> <span class='ocrx_word' id='word_1_21' title='bbox 1535 303 1776 360; x_wconf 77' lang='lat' dir='ltr'>arripuisse</span> 
     </span>
     <span class='ocr_line' id='line_1_9' title="bbox 139 381 1774 439; baseline -0.003 -10"><span class='ocrx_word' id='word_1_22' title='bbox 139 400 264 429; x_wconf 86' lang='lat' dir='ltr'>arma</span> <span class='ocrx_word' id='word_1_23' title='bbox 292 384 414 427; x_wconf 88' lang='lat' dir='ltr'>aliud</span> <span class='ocrx_word' id='word_1_24' title='bbox 437 383 665 439; x_wconf 79' lang='lat' dir='ltr'>quippiam</span> <span class='ocrx_word' id='word_1_25' title='bbox 689 398 787 427; x_wconf 86' lang='lat' dir='ltr'>esse</span> <span class='ocrx_word' id='word_1_26' title='bbox 805 382 1130 426; x_wconf 81' lang='lat' dir='ltr'>existimantes:</span> <span class='ocrx_word' id='word_1_27' title='bbox 1157 381 1323 437; x_wconf 88' lang='lat' dir='ltr'>quibus</span> <span class='ocrx_word' id='word_1_28' title='bbox 1347 382 1567 423; x_wconf 87' lang='lat' dir='ltr'>tumultus</span> <span class='ocrx_word' id='word_1_29' title='bbox 1592 395 1774 424; x_wconf 87' lang='lat' dir='ltr'>causam</span> 
     </span>
     <span class='ocr_line' id='line_1_10' title="bbox 143 458 1773 516; baseline -0.004 -11"><span class='ocrx_word' id='word_1_30' title='bbox 143 460 470 516; x_wconf 88' lang='lat' dir='ltr'>requirentibus</span> <span class='ocrx_word' id='word_1_31' title='bbox 489 458 772 515; x_wconf 82' lang='lat' dir='ltr'>respondisse</span> <span class='ocrx_word' id='word_1_32' title='bbox 790 473 995 514; x_wconf 87' lang='lat' dir='ltr'>puerum,</span> <span class='ocrx_word' id='word_1_33' title='bbox 1017 473 1065 501; x_wconf 89' lang='lat' dir='ltr'>se</span> <span class='ocrx_word' id='word_1_34' title='bbox 1082 465 1305 500; x_wconf 90' lang='lat' dir='ltr'>nocturno</span> <span class='ocrx_word' id='word_1_35' title='bbox 1322 463 1500 513; x_wconf 89' lang='lat' dir='ltr'>spectro</span> <span class='ocrx_word' id='word_1_36' title='bbox 1517 458 1773 513; x_wconf 89' lang='lat' dir='ltr'>perculsum</span> 
     </span>
     <span class='ocr_line' id='line_1_11' title="bbox 144 533 1774 590; baseline -0.004 -9"><span class='ocrx_word' id='word_1_37' title='bbox 144 538 424 581; x_wconf 86' lang='lat' dir='ltr'>inclamasse.</span> <span class='ocrx_word' id='word_1_38' title='bbox 452 537 560 580; x_wconf 90' lang='lat' dir='ltr'>Inde</span> <span class='ocrx_word' id='word_1_39' title='bbox 584 536 800 578; x_wconf 87' lang='lat' dir='ltr'>famulum</span> <span class='ocrx_word' id='word_1_40' title='bbox 823 535 947 577; x_wconf 89' lang='lat' dir='ltr'>illum</span> <span class='ocrx_word' id='word_1_41' title='bbox 972 535 1227 590; x_wconf 79' lang='lat' dir='ltr'>complures</span> <span class='ocrx_word' id='word_1_42' title='bbox 1249 533 1525 590; x_wconf 87' lang='lat' dir='ltr'>disposuisse</span> <span class='ocrx_word' id='word_1_43' title='bbox 1548 547 1705 576; x_wconf 91' lang='lat' dir='ltr'>cruces</span> <span class='ocrx_word' id='word_1_44' title='bbox 1727 533 1774 576; x_wconf 92' lang='lat' dir='ltr'>in</span> 
     </span>
     <span class='ocr_line' id='line_1_12' title="bbox 142 609 1773 668; baseline -0.002 -11"><span class='ocrx_word' id='word_1_45' title='bbox 142 614 347 665; x_wconf 85' lang='lat' dir='ltr'>aedibus,</span> <span class='ocrx_word' id='word_1_46' title='bbox 389 620 433 656; x_wconf 89' lang='lat' dir='ltr'>et</span> <span class='ocrx_word' id='word_1_47' title='bbox 471 620 648 668; x_wconf 91' lang='lat' dir='ltr'>spectra</span> <span class='ocrx_word' id='word_1_48' title='bbox 685 611 761 653; x_wconf 89' lang='lat' dir='ltr'>illa</span> <span class='ocrx_word' id='word_1_49' title='bbox 789 610 1043 655; x_wconf 86' lang='lat' dir='ltr'>evanuisse:</span> <span class='ocrx_word' id='word_1_50' title='bbox 1079 610 1276 666; x_wconf 86' lang='lat' dir='ltr'>denique</span> <span class='ocrx_word' id='word_1_51' title='bbox 1308 610 1478 653; x_wconf 87' lang='lat' dir='ltr'>incolas</span> <span class='ocrx_word' id='word_1_52' title='bbox 1506 609 1773 653; x_wconf 88' lang='lat' dir='ltr'>enunciasse</span> 
     </span>
     <span class='ocr_line' id='line_1_13' title="bbox 144 686 1772 742; baseline -0.004 -6"><span class='ocrx_word' id='word_1_53' title='bbox 144 689 370 736; x_wconf 88' lang='lat' dir='ltr'>Lusitanis</span> <span class='ocrx_word' id='word_1_54' title='bbox 392 689 437 731; x_wconf 93' lang='lat' dir='ltr'>in</span> <span class='ocrx_word' id='word_1_55' title='bbox 461 688 591 733; x_wconf 89' lang='lat' dir='ltr'>tectis</span> <span class='ocrx_word' id='word_1_56' title='bbox 614 688 700 731; x_wconf 89' lang='lat' dir='ltr'>illis</span> <span class='ocrx_word' id='word_1_57' title='bbox 722 688 938 731; x_wconf 87' lang='lat' dir='ltr'>Diabolos</span> <span class='ocrx_word' id='word_1_58' title='bbox 956 688 1176 740; x_wconf 87' lang='lat' dir='ltr'>habitare,</span> <span class='ocrx_word' id='word_1_59' title='bbox 1203 694 1255 731; x_wconf 93' lang='lat' dir='ltr'>et·</span> <span class='ocrx_word' id='word_1_60' title='bbox 1271 687 1405 730; x_wconf 91' lang='lat' dir='ltr'>simul</span> <span class='ocrx_word' id='word_1_61' title='bbox 1428 686 1660 742; x_wconf 89' lang='lat' dir='ltr'>quaesisse</span> <span class='ocrx_word' id='word_1_62' title='bbox 1683 700 1772 741; x_wconf 90' lang='lat' dir='ltr'>quo</span> 
     </span>
     <span class='ocr_line' id='line_1_14' title="bbox 143 763 1772 821; baseline -0.004 -11"><span class='ocrx_word' id='word_1_63' title='bbox 143 767 321 811; x_wconf 86' lang='lat' dir='ltr'>tandem</span> <span class='ocrx_word' id='word_1_64' title='bbox 344 765 542 810; x_wconf 90' lang='lat' dir='ltr'>remedio</span> <span class='ocrx_word' id='word_1_65' title='bbox 567 766 851 821; x_wconf 83' lang='lat' dir='ltr'>fugarentur:</span> <span class='ocrx_word' id='word_1_66' title='bbox 886 773 979 807; x_wconf 89' lang='lat' dir='ltr'>tum</span> <span class='ocrx_word' id='word_1_67' title='bbox 1004 764 1289 820; x_wconf 89' lang='lat' dir='ltr'>respondisse</span> <span class='ocrx_word' id='word_1_68' title='bbox 1312 764 1570 815; x_wconf 87' lang='lat' dir='ltr'>Lusitanos,</span> <span class='ocrx_word' id='word_1_69' title='bbox 1598 763 1772 805; x_wconf 89' lang='lat' dir='ltr'>nullum</span> 
     </span>
     <span class='ocr_line' id='line_1_15' title="bbox 141 841 1766 898; baseline -0.003 -11"><span class='ocrx_word' id='word_1_70' title='bbox 141 843 385 888; x_wconf 90' lang='lat' dir='ltr'>remedium</span> <span class='ocrx_word' id='word_1_71' title='bbox 424 857 559 887; x_wconf 91' lang='lat' dir='ltr'>cruce</span> <span class='ocrx_word' id='word_1_72' title='bbox 586 842 868 898; x_wconf 90' lang='lat' dir='ltr'>praesentius</span> <span class='ocrx_word' id='word_1_73' title='bbox 898 841 1105 886; x_wconf 84' lang='lat' dir='ltr'>inveniri.</span> <span class='ocrx_word' id='word_1_74' title='bbox 1147 843 1304 897; x_wconf 89' lang='lat' dir='ltr'>Itaque</span> <span class='ocrx_word' id='word_1_75' title='bbox 1334 848 1629 897; x_wconf 90' lang='lat' dir='ltr'>posteaquam</span> <span class='ocrx_word' id='word_1_76' title='bbox 1668 854 1766 883; x_wconf 86' lang='lat' dir='ltr'>eam</span> 
     </span>
     <span class='ocr_line' id='line_1_16' title="bbox 137 917 1772 975; baseline -0.003 -11"><span class='ocrx_word' id='word_1_77' title='bbox 137 923 319 965; x_wconf 88' lang='lat' dir='ltr'>domum</span> <span class='ocrx_word' id='word_1_78' title='bbox 342 919 547 964; x_wconf 90' lang='lat' dir='ltr'>Lusitani</span> <span class='ocrx_word' id='word_1_79' title='bbox 570 919 783 962; x_wconf 87' lang='lat' dir='ltr'>crucibus</span> <span class='ocrx_word' id='word_1_80' title='bbox 805 919 849 961; x_wconf 90' lang='lat' dir='ltr'>in</span> <span class='ocrx_word' id='word_1_81' title='bbox 874 919 1099 963; x_wconf 86' lang='lat' dir='ltr'>vestibulo</span> <span class='ocrx_word' id='word_1_82' title='bbox 1121 918 1280 975; x_wconf 90' lang='lat' dir='ltr'>positis</span> <span class='ocrx_word' id='word_1_83' title='bbox 1318 917 1580 970; x_wconf 89' lang='lat' dir='ltr'>munierint,</span> <span class='ocrx_word' id='word_1_84' title='bbox 1616 932 1772 961; x_wconf 86' lang='lat' dir='ltr'>exem-</span> 
     </span>
     <span class='ocr_line' id='line_1_17' title="bbox 139 994 1773 1055; baseline -0.002 -15"><span class='ocrx_word' id='word_1_85' title='bbox 139 999 257 1055; x_wconf 87' lang='lat' dir='ltr'>plum</span> <span class='ocrx_word' id='word_1_86' title='bbox 297 996 455 1040; x_wconf 91' lang='lat' dir='ltr'>incolis</span> <span class='ocrx_word' id='word_1_87' title='bbox 492 996 676 1049; x_wconf 89' lang='lat' dir='ltr'>secutis,</span> <span class='ocrx_word' id='word_1_88' title='bbox 703 1002 809 1040; x_wconf 87' lang='lat' dir='ltr'>ante</span> <span class='ocrx_word' id='word_1_89' title='bbox 847 997 1003 1039; x_wconf 89' lang='lat' dir='ltr'>domos</span> <span class='ocrx_word' id='word_1_90' title='bbox 1041 996 1205 1051; x_wconf 88' lang='lat' dir='ltr'>passim</span> <span class='ocrx_word' id='word_1_91' title='bbox 1234 995 1453 1038; x_wconf 88' lang='lat' dir='ltr'>excitatas</span> <span class='ocrx_word' id='word_1_92' title='bbox 1481 1008 1655 1037; x_wconf 79' lang='lat' dir='ltr'>cruces,</span> <span class='ocrx_word' id='word_1_93' title='bbox 1698 994 1773 1037; x_wconf 86' lang='lat' dir='ltr'>Ad</span> 
     </span>
     <span class='ocr_line' id='line_1_18' title="bbox 139 1071 1772 1131; baseline -0.004 -13"><span class='ocrx_word' id='word_1_94' title='bbox 139 1078 248 1118; x_wconf 90' lang='lat' dir='ltr'>haec</span> <span class='ocrx_word' id='word_1_95' title='bbox 277 1073 578 1116; x_wconf 87' lang='lat' dir='ltr'>nunciabatur</span> <span class='ocrx_word' id='word_1_96' title='bbox 606 1073 652 1116; x_wconf 91' lang='lat' dir='ltr'>in</span> <span class='ocrx_word' id='word_1_97' title='bbox 678 1073 869 1131; x_wconf 88' lang='lat' dir='ltr'>Japonia</span> <span class='ocrx_word' id='word_1_98' title='bbox 899 1072 1165 1116; x_wconf 86' lang='lat' dir='ltr'>latissimum</span> <span class='ocrx_word' id='word_1_99' title='bbox 1200 1071 1449 1129; x_wconf 81' lang='lat' dir='ltr'>Evangelio</span> <span class='ocrx_word' id='word_1_100' title='bbox 1472 1077 1627 1127; x_wconf 88' lang='lat' dir='ltr'>patere</span> <span class='ocrx_word' id='word_1_101' title='bbox 1648 1084 1772 1113; x_wconf 89' lang='lat' dir='ltr'>cam-</span> 
     </span>
     <span class='ocr_line' id='line_1_19' title="bbox 140 1146 1773 1208; baseline -0.005 -11"><span class='ocrx_word' id='word_1_102' title='bbox 140 1166 266 1208; x_wconf 88' lang='lat' dir='ltr'>pum:</span> <span class='ocrx_word' id='word_1_103' title='bbox 293 1158 477 1207; x_wconf 83' lang='lat' dir='ltr'>gentem</span> <span class='ocrx_word' id='word_1_104' title='bbox 506 1150 626 1193; x_wconf 91' lang='lat' dir='ltr'>enim</span> <span class='ocrx_word' id='word_1_105' title='bbox 654 1151 922 1207; x_wconf 88' lang='lat' dir='ltr'>prudentem</span> <span class='ocrx_word' id='word_1_106' title='bbox 953 1165 1074 1203; x_wconf 91' lang='lat' dir='ltr'>esse,</span> <span class='ocrx_word' id='word_1_107' title='bbox 1109 1156 1246 1206; x_wconf 89' lang='lat' dir='ltr'>atque</span> <span class='ocrx_word' id='word_1_108' title='bbox 1273 1148 1579 1208; x_wconf 82' lang='lat' dir='ltr'>ingeniosam,</span> <span class='ocrx_word' id='word_1_109' title='bbox 1610 1146 1773 1190; x_wconf 90' lang='lat' dir='ltr'>rationi</span> 
     </span>
     <span class='ocr_line' id='line_1_20' title="bbox 140 1224 1773 1285; baseline -0.004 -13"><span class='ocrx_word' id='word_1_110' title='bbox 140 1229 524 1285; x_wconf 87' lang='lat' dir='ltr'>obtemperantem</span> <span class='ocrx_word' id='word_1_111' title='bbox 546 1262 555 1282; x_wconf 86' lang='lat'>,</span> <span class='ocrx_word' id='word_1_112' title='bbox 602 1226 894 1282; x_wconf 89' lang='lat' dir='ltr'>discendique</span> <span class='ocrx_word' id='word_1_113' title='bbox 939 1226 1243 1283; x_wconf 87' lang='lat' dir='ltr'>percupidam.</span> <span class='ocrx_word' id='word_1_114' title='bbox 1290 1225 1518 1282; x_wconf 72' lang='lat' dir='ltr'>Quocirca</span> <span class='ocrx_word' id='word_1_115' title='bbox 1559 1224 1606 1266; x_wconf 93' lang='lat' dir='ltr'>in</span> <span class='ocrx_word' id='word_1_116' title='bbox 1646 1238 1773 1280; x_wconf 90' lang='lat' dir='ltr'>spem</span> 
     </span>
     <span class='ocr_line' id='line_1_21' title="bbox 140 1302 1773 1360; baseline -0.003 -12"><span class='ocrx_word' id='word_1_117' title='bbox 140 1305 272 1349; x_wconf 87' lang='lat' dir='ltr'>venio</span> <span class='ocrx_word' id='word_1_118' title='bbox 317 1304 421 1360; x_wconf 81' lang='lat' dir='ltr'>(nisi</span> <span class='ocrx_word' id='word_1_119' title='bbox 460 1311 614 1347; x_wconf 89' lang='lat' dir='ltr'>nostra</span> <span class='ocrx_word' id='word_1_120' title='bbox 650 1310 835 1360; x_wconf 88' lang='lat' dir='ltr'>peccata</span> <span class='ocrx_word' id='word_1_121' title='bbox 877 1303 1126 1359; x_wconf 89' lang='lat' dir='ltr'>impediant</span> <span class='ocrx_word' id='word_1_122' title='bbox 1167 1302 1409 1359; x_wconf 88' lang='lat' dir='ltr'>quominus</span> <span class='ocrx_word' id='word_1_123' title='bbox 1451 1308 1605 1344; x_wconf 88' lang='lat' dir='ltr'>nostra</span> <span class='ocrx_word' id='word_1_124' title='bbox 1647 1302 1773 1344; x_wconf 88' lang='lat' dir='ltr'>Deus</span> 
     </span>
     <span class='ocr_line' id='line_1_22' title="bbox 133 1377 1772 1439; baseline -0.004 -13"><span class='ocrx_word' id='word_1_125' title='bbox 133 1397 272 1439; x_wconf 71' lang='lat' dir='ltr'>vopera</span> <span class='ocrx_word' id='word_1_126' title='bbox 309 1382 375 1425; x_wconf 88' lang='lat' dir='ltr'>uti</span> <span class='ocrx_word' id='word_1_127' title='bbox 412 1381 535 1438; x_wconf 89' lang='lat' dir='ltr'>velit)</span> <span class='ocrx_word' id='word_1_128' title='bbox 565 1396 656 1424; x_wconf 89' lang='lat' dir='ltr'>non</span> <span class='ocrx_word' id='word_1_129' title='bbox 685 1395 855 1438; x_wconf 88' lang='lat' dir='ltr'>paucos</span> <span class='ocrx_word' id='word_1_130' title='bbox 885 1396 941 1425; x_wconf 88' lang='lat' dir='ltr'>ex</span> <span class='ocrx_word' id='word_1_131' title='bbox 980 1380 1104 1424; x_wconf 89' lang='lat' dir='ltr'>omni</span> <span class='ocrx_word' id='word_1_132' title='bbox 1128 1380 1321 1438; x_wconf 88' lang='lat' dir='ltr'>Japonia</span> <span class='ocrx_word' id='word_1_133' title='bbox 1354 1380 1410 1422; x_wconf 89' lang='lat' dir='ltr'>ad</span> <span class='ocrx_word' id='word_1_134' title='bbox 1440 1377 1610 1423; x_wconf 88' lang='lat' dir='ltr'>Christi</span> <span class='ocrx_word' id='word_1_135' title='bbox 1638 1378 1772 1420; x_wconf 89' lang='lat' dir='ltr'>fidem</span> 
     </span>
     <span class='ocr_line' id='line_1_23' title="bbox 134 1473 412 1504; baseline -0.004 -2"><span class='ocrx_word' id='word_1_136' title='bbox 134 1473 412 1504; x_wconf 86' lang='lat' dir='ltr'>accessuros.</span> 
     </span>
    </p>

    <p class='ocr_par' dir='ltr' id='par_1_8' title="bbox 135 1534 1773 1901">
     <span class='ocr_line' id='line_1_24' title="bbox 226 1534 1773 1592; baseline -0.003 -13"><span class='ocrx_word' id='word_1_137' title='bbox 226 1547 266 1591; x_wconf 87' lang='lat'>5.</span> <span class='ocrx_word' id='word_1_138' title='bbox 333 1535 418 1579; x_wconf 92' lang='lat' dir='ltr'>His</span> <span class='ocrx_word' id='word_1_139' title='bbox 441 1550 528 1592; x_wconf 91' lang='lat' dir='ltr'>ego</span> <span class='ocrx_word' id='word_1_140' title='bbox 554 1534 732 1579; x_wconf 90' lang='lat' dir='ltr'>nunciis</span> <span class='ocrx_word' id='word_1_141' title='bbox 754 1535 837 1580; x_wconf 89' lang='lat' dir='ltr'>etsi</span> <span class='ocrx_word' id='word_1_142' title='bbox 861 1537 1154 1579; x_wconf 87' lang='lat' dir='ltr'>vehementer</span> <span class='ocrx_word' id='word_1_143' title='bbox 1170 1534 1409 1586; x_wconf 86' lang='lat' dir='ltr'>excitatus,</span> <span class='ocrx_word' id='word_1_144' title='bbox 1438 1541 1587 1576; x_wconf 88' lang='lat' dir='ltr'>tamen</span> <span class='ocrx_word' id='word_1_145' title='bbox 1621 1540 1773 1575; x_wconf 91' lang='lat' dir='ltr'>utrum</span> 
     </span>
     <span class='ocr_line' id='line_1_25' title="bbox 135 1609 1772 1667; baseline -0.002 -11"><span class='ocrx_word' id='word_1_146' title='bbox 135 1628 194 1657; x_wconf 90' lang='lat' dir='ltr'>eo</span> <span class='ocrx_word' id='word_1_147' title='bbox 217 1627 288 1656; x_wconf 91' lang='lat' dir='ltr'>me</span> <span class='ocrx_word' id='word_1_148' title='bbox 310 1613 578 1665; x_wconf 87' lang='lat' dir='ltr'>conferrem,</span> <span class='ocrx_word' id='word_1_149' title='bbox 605 1627 689 1656; x_wconf 92' lang='lat' dir='ltr'>nec</span> <span class='ocrx_word' id='word_1_150' title='bbox 712 1628 785 1664; x_wconf 89' lang='lat' dir='ltr'>ne,</span> <span class='ocrx_word' id='word_1_151' title='bbox 810 1612 889 1655; x_wconf 93' lang='lat' dir='ltr'>diu</span> <span class='ocrx_word' id='word_1_152' title='bbox 916 1626 1110 1664; x_wconf 91' lang='lat' dir='ltr'>mecum,</span> <span class='ocrx_word' id='word_1_153' title='bbox 1136 1612 1422 1666; x_wconf 90' lang='lat' dir='ltr'>multumque</span> <span class='ocrx_word' id='word_1_154' title='bbox 1444 1609 1656 1667; x_wconf 88' lang='lat' dir='ltr'>cogitavi.</span> <span class='ocrx_word' id='word_1_155' title='bbox 1684 1611 1772 1653; x_wconf 90' lang='lat' dir='ltr'>Ve-</span> 
     </span>
     <span class='ocr_line' id='line_1_26' title="bbox 141 1687 1772 1747; baseline -0.002 -15"><span class='ocrx_word' id='word_1_156' title='bbox 141 1705 239 1734; x_wconf 91' lang='lat' dir='ltr'>rum</span> <span class='ocrx_word' id='word_1_157' title='bbox 261 1689 339 1733; x_wconf 93' lang='lat' dir='ltr'>ubi</span> <span class='ocrx_word' id='word_1_158' title='bbox 364 1690 499 1734; x_wconf 86' lang='lat' dir='ltr'>certis</span> <span class='ocrx_word' id='word_1_159' title='bbox 521 1689 698 1732; x_wconf 89' lang='lat' dir='ltr'>indiciis</span> <span class='ocrx_word' id='word_1_160' title='bbox 715 1689 983 1747; x_wconf 87' lang='lat' dir='ltr'>Japonicam</span> <span class='ocrx_word' id='word_1_161' title='bbox 1006 1688 1332 1745; x_wconf 86' lang='lat' dir='ltr'>profectionem</span> <span class='ocrx_word' id='word_1_162' title='bbox 1349 1703 1374 1731; x_wconf 92' lang='lat' dir='ltr'>e</span> <span class='ocrx_word' id='word_1_163' title='bbox 1392 1687 1536 1744; x_wconf 90' lang='lat' dir='ltr'>gloria</span> <span class='ocrx_word' id='word_1_164' title='bbox 1552 1694 1598 1731; x_wconf 92' lang='lat' dir='ltr'>et</span> <span class='ocrx_word' id='word_1_165' title='bbox 1613 1688 1772 1730; x_wconf 86' lang='lat' dir='ltr'>volun-</span> 
     </span>
     <span class='ocr_line' id='line_1_27' title="bbox 143 1763 1772 1823; baseline -0.002 -14"><span class='ocrx_word' id='word_1_166' title='bbox 143 1774 234 1812; x_wconf 88' lang='lat' dir='ltr'>tate</span> <span class='ocrx_word' id='word_1_167' title='bbox 255 1767 407 1810; x_wconf 90' lang='lat' dir='ltr'>divina</span> <span class='ocrx_word' id='word_1_168' title='bbox 430 1781 530 1810; x_wconf 90' lang='lat' dir='ltr'>esse</span> <span class='ocrx_word' id='word_1_169' title='bbox 551 1766 776 1823; x_wconf 83' lang='lat' dir='ltr'>perspexi,</span> <span class='ocrx_word' id='word_1_170' title='bbox 801 1766 838 1809; x_wconf 89' lang='lat' dir='ltr'>si</span> <span class='ocrx_word' id='word_1_171' title='bbox 860 1768 946 1809; x_wconf 93' lang='lat' dir='ltr'>hoc</span> <span class='ocrx_word' id='word_1_172' title='bbox 969 1765 1054 1809; x_wconf 91' lang='lat' dir='ltr'>iter</span> <span class='ocrx_word' id='word_1_173' title='bbox 1076 1765 1346 1818; x_wconf 88' lang='lat' dir='ltr'>omitterem,</span> <span class='ocrx_word' id='word_1_174' title='bbox 1372 1779 1458 1808; x_wconf 92' lang='lat' dir='ltr'>nae</span> <span class='ocrx_word' id='word_1_175' title='bbox 1479 1779 1566 1820; x_wconf 89' lang='lat' dir='ltr'>ego</span> <span class='ocrx_word' id='word_1_176' title='bbox 1595 1763 1772 1808; x_wconf 82' lang='lat' dir='ltr'>viderer</span> 
     </span>
     <span class='ocr_line' id='line_1_28' title="bbox 138 1840 1772 1901; baseline -0.003 -14"><span class='ocrx_word' id='word_1_177' title='bbox 138 1844 248 1888; x_wconf 89' lang='lat' dir='ltr'>mihi</span> <span class='ocrx_word' id='word_1_178' title='bbox 270 1845 407 1900; x_wconf 92' lang='lat' dir='ltr'>longe</span> <span class='ocrx_word' id='word_1_179' title='bbox 430 1843 635 1886; x_wconf 89' lang='lat' dir='ltr'>Ethnicis</span> <span class='ocrx_word' id='word_1_180' title='bbox 651 1843 903 1901; x_wconf 90' lang='lat' dir='ltr'>Japonibus</span> <span class='ocrx_word' id='word_1_181' title='bbox 932 1843 1142 1886; x_wconf 88' lang='lat' dir='ltr'>deterior.</span> <span class='ocrx_word' id='word_1_182' title='bbox 1176 1844 1415 1885; x_wconf 87' lang='lat' dir='ltr'>Humanae</span> <span class='ocrx_word' id='word_1_183' title='bbox 1444 1841 1603 1884; x_wconf 90' lang='lat' dir='ltr'>salutis</span> <span class='ocrx_word' id='word_1_184' title='bbox 1630 1840 1772 1884; x_wconf 90' lang='lat' dir='ltr'>hostis</span> 
     </span>
    </p>
   </div>
   <div class='ocr_carea' id='block_1_8' title="bbox 82 1915 1773 1977">
    <p class='ocr_par' dir='ltr' id='par_1_9' title="bbox 82 1915 1773 1977">
     <span class='ocr_line' id='line_1_29' title="bbox 82 1915 1773 1977; baseline -0.002 -13"><span class='ocrx_word' id='word_1_185' title='bbox 82 1915 86 1917; x_wconf 46' lang='grc'><strong><em>’</em></strong></span> <span class='ocrx_word' id='word_1_186' title='bbox 141 1921 465 1977; x_wconf 85' lang='lat' dir='ltr'>profectionem</span> <span class='ocrx_word' id='word_1_187' title='bbox 502 1927 703 1963; x_wconf 90' lang='lat' dir='ltr'>nostram</span> <span class='ocrx_word' id='word_1_188' title='bbox 741 1935 916 1963; x_wconf 90' lang='lat' dir='ltr'>summa</span> <span class='ocrx_word' id='word_1_189' title='bbox 953 1934 1039 1976; x_wconf 92' lang='lat' dir='ltr'>ope</span> <span class='ocrx_word' id='word_1_190' title='bbox 1070 1919 1287 1976; x_wconf 90' lang='lat' dir='ltr'>impedire</span> <span class='ocrx_word' id='word_1_191' title='bbox 1324 1926 1514 1961; x_wconf 90' lang='lat' dir='ltr'>conatus</span> <span class='ocrx_word' id='word_1_192' title='bbox 1551 1925 1635 1961; x_wconf 88' lang='lat' dir='ltr'>est.</span> <span class='ocrx_word' id='word_1_193' title='bbox 1677 1918 1773 1961; x_wconf 89' lang='lat' dir='ltr'>Cur</span> 
     </span>
    </p>
   </div>
   <div class='ocr_carea' id='block_1_9' title="bbox 138 1995 1773 3049">
    <p class='ocr_par' dir='ltr' id='par_1_10' title="bbox 138 1995 1772 2285">
     <span class='ocr_line' id='line_1_30' title="bbox 140 1995 1767 2054; baseline -0.001 -14"><span class='ocrx_word' id='word_1_194' title='bbox 140 2005 374 2054; x_wconf 80' lang='lat' dir='ltr'>tantopere</span> <span class='ocrx_word' id='word_1_195' title='bbox 397 2013 423 2041; x_wconf 92' lang='lat' dir='ltr'>a</span> <span class='ocrx_word' id='word_1_196' title='bbox 445 1997 575 2041; x_wconf 90' lang='lat' dir='ltr'>nobis</span> <span class='ocrx_word' id='word_1_197' title='bbox 604 1997 689 2040; x_wconf 92' lang='lat' dir='ltr'>sibi</span> <span class='ocrx_word' id='word_1_198' title='bbox 717 2005 890 2040; x_wconf 89' lang='lat' dir='ltr'>metuat</span> <span class='ocrx_word' id='word_1_199' title='bbox 935 1997 1105 2049; x_wconf 85' lang='lat' dir='ltr'>nescio,</span> <span class='ocrx_word' id='word_1_200' title='bbox 1141 1997 1222 2039; x_wconf 87' lang='lat' dir='ltr'>sed</span> <span class='ocrx_word' id='word_1_201' title='bbox 1251 1995 1419 2051; x_wconf 90' lang='lat' dir='ltr'>aliquid</span> <span class='ocrx_word' id='word_1_202' title='bbox 1446 1996 1650 2051; x_wconf 86' lang='lat' dir='ltr'>profecto</span> <span class='ocrx_word' id='word_1_203' title='bbox 1683 2002 1767 2038; x_wconf 87' lang='lat' dir='ltr'>est.</span> 
     </span>
     <span class='ocr_line' id='line_1_31' title="bbox 139 2071 1771 2133; baseline -0.002 -15"><span class='ocrx_word' id='word_1_204' title='bbox 139 2075 487 2120; x_wconf 89' lang='lat' dir='ltr'>Proficiscentes</span> <span class='ocrx_word' id='word_1_205' title='bbox 517 2075 563 2117; x_wconf 92' lang='lat' dir='ltr'>in</span> <span class='ocrx_word' id='word_1_206' title='bbox 585 2074 823 2133; x_wconf 89' lang='lat' dir='ltr'>Japoniam</span> <span class='ocrx_word' id='word_1_207' title='bbox 851 2074 1177 2131; x_wconf 90' lang='lat' dir='ltr'>supellectilem</span> <span class='ocrx_word' id='word_1_208' title='bbox 1215 2074 1272 2116; x_wconf 91' lang='lat' dir='ltr'>ad</span> <span class='ocrx_word' id='word_1_209' title='bbox 1307 2087 1485 2115; x_wconf 86' lang='lat' dir='ltr'>sacrum</span> <span class='ocrx_word' id='word_1_210' title='bbox 1515 2071 1771 2116; x_wconf 89' lang='lat' dir='ltr'>faciendum</span> 
     </span>
     <span class='ocr_line' id='line_1_32' title="bbox 140 2148 1772 2205; baseline -0.002 -11"><span class='ocrx_word' id='word_1_211' title='bbox 140 2152 436 2196; x_wconf 88' lang='lat' dir='ltr'>necessariam</span> <span class='ocrx_word' id='word_1_212' title='bbox 459 2152 696 2195; x_wconf 90' lang='lat' dir='ltr'>nobiscum</span> <span class='ocrx_word' id='word_1_213' title='bbox 718 2152 992 2196; x_wconf 88' lang='lat' dir='ltr'>deferemus.</span> <span class='ocrx_word' id='word_1_214' title='bbox 1021 2150 1233 2194; x_wconf 85' lang='lat' dir='ltr'>Proximo</span> <span class='ocrx_word' id='word_1_215' title='bbox 1256 2164 1374 2193; x_wconf 92' lang='lat' dir='ltr'>anno</span> <span class='ocrx_word' id='word_1_216' title='bbox 1398 2148 1497 2205; x_wconf 84' lang='lat' dir='ltr'>(nisi</span> <span class='ocrx_word' id='word_1_217' title='bbox 1515 2150 1613 2193; x_wconf 92' lang='lat' dir='ltr'>Deo</span> <span class='ocrx_word' id='word_1_218' title='bbox 1640 2163 1772 2193; x_wconf 91' lang='lat' dir='ltr'>secus</span> 
     </span>
     <span class='ocr_line' id='line_1_33' title="bbox 138 2225 1575 2285; baseline -0.003 -14"><span class='ocrx_word' id='word_1_219' title='bbox 138 2228 378 2285; x_wconf 79' lang='lat' dir='ltr'>videbitur)</span> <span class='ocrx_word' id='word_1_220' title='bbox 403 2242 717 2285; x_wconf 89' lang='lat' dir='ltr'>quaecumque</span> <span class='ocrx_word' id='word_1_221' title='bbox 739 2228 828 2271; x_wconf 88' lang='lat' dir='ltr'>illic</span> <span class='ocrx_word' id='word_1_222' title='bbox 852 2235 983 2284; x_wconf 87' lang='lat' dir='ltr'>gesta</span> <span class='ocrx_word' id='word_1_223' title='bbox 1005 2234 1140 2270; x_wconf 91' lang='lat' dir='ltr'>erunt</span> <span class='ocrx_word' id='word_1_224' title='bbox 1163 2226 1323 2270; x_wconf 82' lang='lat' dir='ltr'>faciam</span> <span class='ocrx_word' id='word_1_225' title='bbox 1346 2232 1397 2268; x_wconf 96' lang='lat' dir='ltr'>ut</span> <span class='ocrx_word' id='word_1_226' title='bbox 1413 2225 1575 2268; x_wconf 87' lang='lat' dir='ltr'>sciatis.</span> 
     </span>
    </p>

    <p class='ocr_par' dir='ltr' id='par_1_11' title="bbox 139 2291 1773 3049">
     <span class='ocr_line' id='line_1_34' title="bbox 190 2291 1771 2363; baseline -0.003 -14"><span class='ocrx_word' id='word_1_227' title='bbox 190 2291 194 2294; x_wconf 27' lang='lat'><strong>⁴</strong></span> <span class='ocrx_word' id='word_1_228' title='bbox 228 2306 270 2349; x_wconf 84' lang='lat'>6.</span> <span class='ocrx_word' id='word_1_229' title='bbox 336 2306 481 2350; x_wconf 88' lang='lat' dir='ltr'>Simul</span> <span class='ocrx_word' id='word_1_230' title='bbox 503 2312 639 2361; x_wconf 90' lang='lat' dir='ltr'>atque</span> <span class='ocrx_word' id='word_1_231' title='bbox 656 2304 892 2363; x_wconf 88' lang='lat' dir='ltr'>Japoniam</span> <span class='ocrx_word' id='word_1_232' title='bbox 917 2303 1218 2360; x_wconf 89' lang='lat' dir='ltr'>attigerimus,</span> <span class='ocrx_word' id='word_1_233' title='bbox 1244 2309 1418 2347; x_wconf 91' lang='lat' dir='ltr'>certum</span> <span class='ocrx_word' id='word_1_234' title='bbox 1441 2309 1510 2345; x_wconf 89' lang='lat' dir='ltr'>est</span> <span class='ocrx_word' id='word_1_235' title='bbox 1532 2301 1662 2345; x_wconf 91' lang='lat' dir='ltr'>nobis</span> <span class='ocrx_word' id='word_1_236' title='bbox 1680 2303 1771 2345; x_wconf 90' lang='lat' dir='ltr'>Re-</span> 
     </span>
     <span class='ocr_line' id='line_1_35' title="bbox 141 2380 1772 2439; baseline -0.002 -15"><span class='ocrx_word' id='word_1_237' title='bbox 141 2395 244 2437; x_wconf 85' lang='lat' dir='ltr'>gem</span> <span class='ocrx_word' id='word_1_238' title='bbox 266 2382 412 2438; x_wconf 89' lang='lat' dir='ltr'>ipsum</span> <span class='ocrx_word' id='word_1_239' title='bbox 429 2381 647 2439; x_wconf 89' lang='lat' dir='ltr'>Japoniae</span> <span class='ocrx_word' id='word_1_240' title='bbox 670 2388 792 2425; x_wconf 90' lang='lat' dir='ltr'>recta</span> <span class='ocrx_word' id='word_1_241' title='bbox 815 2381 952 2433; x_wconf 87' lang='lat' dir='ltr'>adire,</span> <span class='ocrx_word' id='word_1_242' title='bbox 980 2381 1112 2436; x_wconf 89' lang='lat' dir='ltr'>eique</span> <span class='ocrx_word' id='word_1_243' title='bbox 1133 2380 1326 2423; x_wconf 86' lang='lat' dir='ltr'>fidenter</span> <span class='ocrx_word' id='word_1_244' title='bbox 1348 2380 1576 2433; x_wconf 87' lang='lat' dir='ltr'>mandata,</span> <span class='ocrx_word' id='word_1_245' title='bbox 1607 2393 1724 2434; x_wconf 90' lang='lat' dir='ltr'>quae</span> <span class='ocrx_word' id='word_1_246' title='bbox 1747 2393 1772 2421; x_wconf 87' lang='lat' dir='ltr'>a</span> 
     </span>
     <span class='ocr_line' id='line_1_36' title="bbox 139 2455 1772 2515; baseline -0.002 -13"><span class='ocrx_word' id='word_1_247' title='bbox 139 2459 249 2515; x_wconf 90' lang='lat' dir='ltr'>Jesu</span> <span class='ocrx_word' id='word_1_248' title='bbox 271 2459 453 2502; x_wconf 90' lang='lat' dir='ltr'>Christo</span> <span class='ocrx_word' id='word_1_249' title='bbox 476 2461 655 2515; x_wconf 86' lang='lat' dir='ltr'>Regum</span> <span class='ocrx_word' id='word_1_250' title='bbox 688 2460 816 2515; x_wconf 87' lang='lat' dir='ltr'>Rege</span> <span class='ocrx_word' id='word_1_251' title='bbox 844 2459 1079 2510; x_wconf 87' lang='lat' dir='ltr'>habemus,</span> <span class='ocrx_word' id='word_1_252' title='bbox 1112 2471 1348 2513; x_wconf 87' lang='lat' dir='ltr'>exponere.</span> <span class='ocrx_word' id='word_1_253' title='bbox 1381 2458 1502 2500; x_wconf 88' lang='lat' dir='ltr'>Imus</span> <span class='ocrx_word' id='word_1_254' title='bbox 1531 2455 1628 2512; x_wconf 86' lang='lat' dir='ltr'>spei</span> <span class='ocrx_word' id='word_1_255' title='bbox 1654 2455 1772 2499; x_wconf 87' lang='lat' dir='ltr'>divi-</span> 
     </span>
     <span class='ocr_line' id='line_1_37' title="bbox 142 2533 1771 2591; baseline -0.001 -13"><span class='ocrx_word' id='word_1_256' title='bbox 142 2549 315 2591; x_wconf 86' lang='lat' dir='ltr'>naeque</span> <span class='ocrx_word' id='word_1_257' title='bbox 351 2535 544 2580; x_wconf 90' lang='lat' dir='ltr'>fiduciae</span> <span class='ocrx_word' id='word_1_258' title='bbox 580 2535 717 2591; x_wconf 90' lang='lat' dir='ltr'>pleni,</span> <span class='ocrx_word' id='word_1_259' title='bbox 758 2535 1119 2590; x_wconf 87' lang='lat' dir='ltr'>confidimusque</span> <span class='ocrx_word' id='word_1_260' title='bbox 1161 2548 1244 2576; x_wconf 91' lang='lat' dir='ltr'>nos</span> <span class='ocrx_word' id='word_1_261' title='bbox 1276 2535 1376 2577; x_wconf 93' lang='lat' dir='ltr'>Deo</span> <span class='ocrx_word' id='word_1_262' title='bbox 1420 2534 1536 2576; x_wconf 92' lang='lat' dir='ltr'>duce</span> <span class='ocrx_word' id='word_1_263' title='bbox 1579 2534 1636 2577; x_wconf 91' lang='lat' dir='ltr'>de</span> <span class='ocrx_word' id='word_1_264' title='bbox 1673 2533 1771 2589; x_wconf 90' lang='lat' dir='ltr'>ejus</span> 
     </span>
     <span class='ocr_line' id='line_1_38' title="bbox 141 2608 1771 2668; baseline -0.002 -15"><span class='ocrx_word' id='word_1_265' title='bbox 141 2610 345 2655; x_wconf 89' lang='lat' dir='ltr'>hostibus</span> <span class='ocrx_word' id='word_1_266' title='bbox 368 2612 740 2668; x_wconf 73' lang='lat' dir='ltr'>triumphaturos</span> <span class='ocrx_word' id='word_1_267' title='bbox 771 2613 932 2666; x_wconf 89' lang='lat' dir='ltr'>Neque</span> <span class='ocrx_word' id='word_1_268' title='bbox 954 2626 1064 2656; x_wconf 87' lang='lat' dir='ltr'>vero</span> <span class='ocrx_word' id='word_1_269' title='bbox 1092 2617 1322 2655; x_wconf 90' lang='lat' dir='ltr'>certamen</span> <span class='ocrx_word' id='word_1_270' title='bbox 1349 2624 1452 2653; x_wconf 91' lang='lat' dir='ltr'>cum</span> <span class='ocrx_word' id='word_1_271' title='bbox 1470 2609 1688 2667; x_wconf 88' lang='lat' dir='ltr'>Japoniae</span> <span class='ocrx_word' id='word_1_272' title='bbox 1717 2608 1771 2651; x_wconf 91' lang='lat' dir='ltr'>li—</span> 
     </span>
     <span class='ocr_line' id='line_1_39' title="bbox 142 2685 1770 2744; baseline -0.001 -15"><span class='ocrx_word' id='word_1_273' title='bbox 142 2687 294 2731; x_wconf 86' lang='lat' dir='ltr'>teratis</span> <span class='ocrx_word' id='word_1_274' title='bbox 330 2688 690 2732; x_wconf 84' lang='lat' dir='ltr'>reformidamus.</span> <span class='ocrx_word' id='word_1_275' title='bbox 718 2688 842 2744; x_wconf 77' lang='lat' dir='ltr'>Quid</span> <span class='ocrx_word' id='word_1_276' title='bbox 877 2687 996 2730; x_wconf 92' lang='lat' dir='ltr'>enim</span> <span class='ocrx_word' id='word_1_277' title='bbox 1026 2687 1134 2730; x_wconf 93' lang='lat' dir='ltr'>boni</span> <span class='ocrx_word' id='word_1_278' title='bbox 1165 2701 1299 2730; x_wconf 89' lang='lat' dir='ltr'>nosse</span> <span class='ocrx_word' id='word_1_279' title='bbox 1331 2693 1481 2743; x_wconf 90' lang='lat' dir='ltr'>potest</span> <span class='ocrx_word' id='word_1_280' title='bbox 1513 2685 1591 2741; x_wconf 92' lang='lat' dir='ltr'>qui</span> <span class='ocrx_word' id='word_1_281' title='bbox 1622 2687 1770 2729; x_wconf 92' lang='lat' dir='ltr'>Deum</span> 
     </span>
     <span class='ocr_line' id='line_1_40' title="bbox 142 2761 1767 2821; baseline -0.002 -15"><span class='ocrx_word' id='word_1_282' title='bbox 142 2763 462 2820; x_wconf 89' lang='lat' dir='ltr'>Christumque</span> <span class='ocrx_word' id='word_1_283' title='bbox 483 2765 581 2821; x_wconf 87' lang='lat' dir='ltr'>ejus</span> <span class='ocrx_word' id='word_1_284' title='bbox 603 2764 767 2808; x_wconf 91' lang='lat' dir='ltr'>Filium</span> <span class='ocrx_word' id='word_1_285' title='bbox 790 2764 989 2820; x_wconf 86' lang='lat' dir='ltr'>ignorat?</span> <span class='ocrx_word' id='word_1_286' title='bbox 1013 2763 1090 2819; x_wconf 92' lang='lat' dir='ltr'>qui</span> <span class='ocrx_word' id='word_1_287' title='bbox 1112 2770 1263 2806; x_wconf 92' lang='lat' dir='ltr'>autem</span> <span class='ocrx_word' id='word_1_288' title='bbox 1291 2762 1403 2805; x_wconf 91' lang='lat' dir='ltr'>nihil</span> <span class='ocrx_word' id='word_1_289' title='bbox 1431 2769 1607 2819; x_wconf 89' lang='lat' dir='ltr'>spectat</span> <span class='ocrx_word' id='word_1_290' title='bbox 1629 2761 1767 2814; x_wconf 89' lang='lat' dir='ltr'>aliud,</span> 
     </span>
     <span class='ocr_line' id='line_1_41' title="bbox 140 2838 1770 2899; baseline 0 -18"><span class='ocrx_word' id='word_1_291' title='bbox 140 2838 225 2883; x_wconf 89' lang='lat' dir='ltr'>nisi</span> <span class='ocrx_word' id='word_1_292' title='bbox 245 2841 442 2885; x_wconf 88' lang='lat' dir='ltr'>divinam</span> <span class='ocrx_word' id='word_1_293' title='bbox 465 2842 674 2899; x_wconf 89' lang='lat' dir='ltr'>gratiam,</span> <span class='ocrx_word' id='word_1_294' title='bbox 700 2840 936 2898; x_wconf 87' lang='lat' dir='ltr'>Evangelii</span> <span class='ocrx_word' id='word_1_295' title='bbox 960 2839 1355 2897; x_wconf 89' lang='lat' dir='ltr'>praedicationem,</span> <span class='ocrx_word' id='word_1_296' title='bbox 1378 2839 1629 2882; x_wconf 87' lang='lat' dir='ltr'>animorum</span> <span class='ocrx_word' id='word_1_297' title='bbox 1647 2839 1770 2882; x_wconf 93' lang='lat' dir='ltr'>salu-</span> 
     </span>
     <span class='ocr_line' id='line_1_42' title="bbox 144 2915 1773 2974; baseline -0.001 -17"><span class='ocrx_word' id='word_1_298' title='bbox 144 2921 248 2970; x_wconf 87' lang='lat' dir='ltr'>tem,</span> <span class='ocrx_word' id='word_1_299' title='bbox 281 2918 390 2974; x_wconf 92' lang='lat' dir='ltr'>quid</span> <span class='ocrx_word' id='word_1_300' title='bbox 422 2920 605 2962; x_wconf 90' lang='lat' dir='ltr'>tandem</span> <span class='ocrx_word' id='word_1_301' title='bbox 627 2925 806 2961; x_wconf 87' lang='lat' dir='ltr'>recuset</span> <span class='ocrx_word' id='word_1_302' title='bbox 835 2926 912 2961; x_wconf 87' lang='lat' dir='ltr'>aut</span> <span class='ocrx_word' id='word_1_303' title='bbox 940 2917 1251 2974; x_wconf 84' lang='lat' dir='ltr'>pertimescat?</span> <span class='ocrx_word' id='word_1_304' title='bbox 1278 2917 1316 2959; x_wconf 90' lang='lat' dir='ltr'>si</span> <span class='ocrx_word' id='word_1_305' title='bbox 1344 2916 1463 2961; x_wconf 91' lang='lat' dir='ltr'>enim</span> <span class='ocrx_word' id='word_1_306' title='bbox 1491 2915 1773 2960; x_wconf 87' lang='lat' dir='ltr'>versabimur</span> 
     </span>
     <span class='ocr_line' id='line_1_43' title="bbox 142 2993 1771 3049; baseline -0.001 -14"><span class='ocrx_word' id='word_1_307' title='bbox 142 3006 233 3036; x_wconf 86' lang='lat' dir='ltr'>non</span> <span class='ocrx_word' id='word_1_308' title='bbox 248 2996 380 3039; x_wconf 90' lang='lat' dir='ltr'>modo</span> <span class='ocrx_word' id='word_1_309' title='bbox 396 2995 443 3038; x_wconf 90' lang='lat' dir='ltr'>in</span> <span class='ocrx_word' id='word_1_310' title='bbox 461 2995 590 3040; x_wconf 90' lang='lat' dir='ltr'>terris</span> <span class='ocrx_word' id='word_1_311' title='bbox 607 2996 916 3049; x_wconf 88' lang='lat' dir='ltr'>barbarorum,</span> <span class='ocrx_word' id='word_1_312' title='bbox 935 3009 1093 3038; x_wconf 88' lang='lat' dir='ltr'>verum</span> <span class='ocrx_word' id='word_1_313' title='bbox 1110 2994 1245 3039; x_wconf 91' lang='lat' dir='ltr'>etiam</span> <span class='ocrx_word' id='word_1_314' title='bbox 1261 2993 1308 3037; x_wconf 91' lang='lat' dir='ltr'>in</span> <span class='ocrx_word' id='word_1_315' title='bbox 1321 2994 1592 3037; x_wconf 88' lang='lat' dir='ltr'>daemonum</span> <span class='ocrx_word' id='word_1_316' title='bbox 1610 3005 1771 3048; x_wconf 82' lang='lat' dir='ltr'>regno:</span> 
     </span>
    </p>
   </div>
  </div>
 </body>
</html>
