2018 3510
0 3453 55 3510 [έῖ

657 179 793 213 EPIST.
822 177 976 212 81.-—22
1004 178 1115 223 JUNn
1146 187 1235 223 1549
1648 176 1714 221 535

134 285 249 327 dam:
275 280 473 335 alioquin
497 279 651 324 literae
670 280 791 322 haud
815 279 948 335 paulo
971 280 1071 335 plus
1092 279 1349 321 detrimenti
1373 281 1600 332 afferrent,
1628 294 1762 334 quam

135 357 366 403 commodi.

226 449 289 479 Io.
353 433 572 488 Equidem
596 433 705 475 illud
729 448 903 488 semper
933 433 1026 476 fere
1055 432 1332 489 propositum
1364 434 1522 482 habeo,
1556 435 1676 487 quod
1705 447 1760 475 ex

134 512 297 569 optimo
318 517 503 566 parente
525 517 678 552 nostro
701 509 878 565 Ignatio
901 509 1079 565 saepius
1108 509 1275 560 audivi,
1309 517 1487 552 nostrae
1518 509 1759 552 Societatis

130 588 384 633 hominibus
406 587 526 630 omni
550 601 634 642 ope
657 594 793 641 atque
822 601 957 642 opera
985 586 1248 630 enitendum
1272 601 1371 630 esse
1401 594 1450 628 ut
1473 601 1521 628 se
1550 586 1632 641 ipsi
1657 586 1757 628 vin-

128 673 244 718 cant,
286 664 558 718 timoresque
587 664 813 719 depellant
841 678 998 706 omnes
1026 663 1103 718 qui
1132 662 1453 719 impedimento
1482 678 1582 706 esse
1610 664 1756 706 solent

127 741 362 799 quominus
384 755 508 797 spem
531 756 709 784 omnem
738 748 956 795 reponant
985 740 1031 782 in
1054 755 1146 782 uno
1170 742 1286 784 Deo.
1314 740 1409 783 Etsi
1431 740 1551 783 enim
1583 754 1686 795 spes
1709 747 1755 783 et

124 818 286 863 fiducia
307 818 458 861 divina
480 818 535 860 ad
558 818 643 861 Dei
672 817 907 860 arbitrium
937 817 1149 860 tribuitur
1177 816 1451 870 hominibus,
1486 818 1752 873 plerumque

124 904 269 940 tamen
291 894 544 951 impertitur
566 894 635 946 iis,
663 894 739 949 qui
762 909 810 938 se
833 893 916 949 ipsi
938 894 1059 936 omni
1083 894 1255 937 ratione
1278 908 1491 950 superare
1509 900 1748 936 conantur.

213 986 277 1017 ΙΙ.
344 972 537 1025 Etenim,
565 979 614 1014 ut
636 972 827 1014 multum
850 970 1036 1015 interest
1057 970 1175 1016 inter
1202 985 1280 1015 eos
1313 971 1390 1026 qui
1419 972 1556 1015 rebus
1589 984 1753 1014 neces-

121 1049 244 1095 sariis
266 1049 489 1101 instructi,
515 1050 613 1092 Deo
642 1049 892 1100 confidunt,
925 1056 970 1092 et
998 1063 1075 1092 eos
1098 1048 1174 1104 qui
1203 1047 1362 1091 confisi
1390 1049 1548 1092 eodem
1579 1046 1749 1090 Christi

119 1126 318 1171 imitandi
340 1126 505 1179 studio,
532 1126 725 1182 spoliant
747 1141 795 1169 se
817 1127 954 1169 rebus
977 1125 1111 1170 etiam
1135 1125 1415 1179 necessariis3
1442 1125 1504 1167 ita
1527 1124 1604 1180 qui
1621 1138 1748 1180 spem

117 1205 283 1249 habent
303 1203 349 1246 in
378 1206 477 1247 Deo
504 1211 630 1248 extra
658 1203 814 1246 mortis
842 1203 1110 1260 periculum,
1137 1203 1330 1245 multum
1358 1202 1576 1246 differunt
1604 1202 1660 1244 ab
1692 1200 1746 1244 iis

116 1281 189 1339 qui
210 1281 295 1325 Dei
316 1281 538 1337 praesidio
561 1281 678 1333 freti,
711 1280 890 1323 divinae
919 1280 1090 1337 gloriae
1123 1295 1260 1323 causa
1292 1286 1454 1336 sponte
1486 1278 1645 1335 capitis
1674 1278 1745 1321 di-

114 1359 303 1404 scrimen
325 1360 538 1411 subeunt,
565 1359 686 1413 quod
709 1357 866 1414 utique
887 1358 1031 1402 vitare
1052 1357 1243 1414 possint,
1269 1356 1305 1399 si
1328 1356 1485 1399 velint.
1513 1358 1612 1412 Ego
1635 1369 1749 1398 verov

113 1436 174 1480 sic
195 1451 374 1488 censeo,
401 1435 477 1491 qui
500 1435 546 1477 in
574 1435 803 1491 perpetuis
830 1435 951 1478 vitae
973 1434 1183 1490 periculis
1211 1433 1347 1476 unius
1371 1432 1456 1476 Dei
1479 1447 1615 1475 causa
1638 1448 1743 1477 ver-

113 1520 281 1567 sentur,
312 1513 383 1556 his
416 1512 544 1557 brevi
572 1511 710 1555 vitam
739 1513 948 1555 acerbam
977 1512 1072 1555 fore
1100 1511 1180 1563 sie,
1217 1518 1268 1553 ut
1300 1510 1412 1553 mori
1445 1517 1658 1565 expetant
1690 1516 1742 1552 ut

111 1605 213 1634 cum
234 1592 332 1633 Deo
352 1589 524 1641 vivant,
550 1596 595 1632 et
616 1596 810 1645 regnent
832 1603 1008 1645 semper
1025 1588 1071 1630 in
1089 1589 1231 1632 coelo.
1254 1589 1382 1632 Haec
1400 1587 1518 1631 enim
1537 1601 1652 1642 quae
1670 1586 1738 1630 di-

111 1667 225 1727 citur
245 1666 353 1719 vita,
379 1666 490 1708 nihil
513 1673 597 1718 est,
630 1666 715 1708 nisi
743 1672 963 1722 perpetua
995 1665 1215 1721 quaedam
1249 1679 1385 1716 mors,
1421 1672 1467 1707 et
1499 1663 1683 1707 exilium
1714 1679 1743 1707 a

110 1743 289 1788 coelesti
314 1743 540 1796 felicitate,
566 1744 623 1786 ad
645 1758 779 1798 quam
802 1742 1023 1799 procreati
1045 1742 1231 1797 natique
1259 1756 1432 1784 sumus.

201 1834 266 1864 12.
326 1822 525 1878 Japones
547 1821 735 1863 comites
758 1820 846 1864 mei
868 1819 933 1863 sic
955 1819 1064 1862 mihi
1086 1818 1365 1862 denunciant
1389 1819 1484 1862 fore
1508 1825 1558 1860 ut
1582 1817 1740 1861 Bonzii

107 1898 167 1955 (hi
202 1905 308 1941 sunt
344 1897 391 1940 in
422 1898 617 1955 Japonia
653 1911 884 1940 sacrorum
922 1896 1161 1952 antistites)
1200 1896 1511 1949 offendantur,
1563 1894 1600 1937 si
1654 1908 1738 1938 nos

104 1974 297 2018 viderint
332 1989 468 2019 carne
506 1981 584 2017 aut
617 1973 816 2029 piscibus
849 1973 985 2018 vesci.
1021 1972 1221 2016 Proinde
1246 1971 1380 2015 nobis
1409 1973 1549 2014 fixum
1574 1986 1626 2014 ac
1655 1971 1735 2015 de-

104 2058 274 2095 cretum
296 2058 365 2095 est
387 2051 520 2094 citius
556 2057 820 2107 perpetuam
857 2049 1053 2094 inediam
1090 2049 1279 2106 perpeti,
1322 2063 1456 2103 quam
1504 2048 1738 2092 incurrere

104 2128 409 2171 offensionem.
437 2128 576 2171 Iidem
599 2142 811 2183 magnam
831 2128 876 2170 in
888 2126 1080 2185 Japonia
1098 2126 1371 2169 Bonziorum
1395 2125 1737 2170 multitudinem

104 2219 200 2249 esse
222 2212 423 2257 narrant,
444 2219 694 2262 eorumque
711 2204 950 2248 maximam
972 2204 1093 2259 apud
1111 2218 1267 2247 omnes
1285 2203 1465 2247 ordines
1483 2202 1734 2245 authorita—

105 2288 207 2326 tem.
236 2283 372 2338 Quod
400 2297 488 2339 ego
516 2283 685 2326 idcirco
714 2282 874 2338 adjeci,
900 2289 951 2325 ut
973 2280 1238 2337 intelligatis
1261 2287 1541 2336 quantopere
1563 2286 1733 2332 vestra,

105 2358 431 2415 Societatisque
468 2359 707 2404 universae
729 2358 1047 2415 deprecatione
1069 2371 1302 2414 egeamus,
1327 2357 1494 2412 quibus
1517 2357 1628 2400 tales
1651 2357 1732 2399 ad—

103 2435 285 2479 versarii
307 2435 397 2478 sint
418 2435 572 2492 parati.

194 2524 258 2567 13.
320 2513 493 2556 Malaca
521 2514 747 2556 solvemus
775 2512 872 2568 ipso
911 2513 956 2556 S.
989 2510 1177 2569 Joannis
1210 2510 1441 2566 Baptistae
1473 2510 1610 2553 natali
1642 2509 1730 2553 die.

100 2587 230 2632 Sinas
257 2588 319 2632 ita
347 2592 758 2645 praetervehemur,
791 2596 840 2632 ut
869 2603 1092 2644 nusquam
1114 2594 1310 2644 portum,
1338 2594 1560 2632 terramve
1583 2587 1734 2643 capia-

97 2678 211 2708 mus.
237 2666 422 2709 Absunt
450 2666 586 2711 Sinae
615 2682 641 2709 a
665 2666 858 2724 Japonia
878 2665 1016 2709 millia
1037 2679 1254 2721 passuum
1276 2664 1334 2707 ad
1354 2665 1454 2707 DC.
1481 2664 1731 2707 Confirmat

97 2742 372 2796 gubernator
394 2743 523 2786 navis
550 2758 633 2786 nos
656 2744 871 2799 Augusto
903 2744 996 2787 fere
1025 2741 1175 2785 medio
1203 2740 1250 2783 in
1271 2740 1509 2798 Japoniam
1538 2755 1728 2797 perven-

99 2822 235 2861 turos.
261 2819 388 2862 Illinc
411 2820 467 2863 de
491 2828 635 2864 terrae
658 2819 1010 2872 conditionibus,
1036 2819 1093 2862 de
1110 2817 1261 2875 gentis
1277 2818 1490 2874 ingeniis,
1510 2816 1726 2869 moribus,

96 2890 326 2950 institutis,
359 2898 415 2940 de
451 2897 679 2942 erroribus
714 2897 761 2940 in
796 2896 960 2952 quibus
989 2902 1244 2948 versantur,
1283 2896 1340 2940 de
1373 2895 1603 2938 literarum
1631 2908 1730 2936 mo-

97 2972 322 3016 numentis
351 2973 516 3028 quibus
547 2981 754 3027 utuntur,
785 2975 841 3018 de
881 2972 1127 3030 disciplinis
1163 2979 1300 3027 atque
1333 2969 1737 3017 exercitationibus
