2049 3360
382 204 450 250 738
871 199 1139 235 MONUMENTA
1165 194 1414 231 XAvssmANA

332 321 466 362 quam
485 318 672 360 usquam
696 302 741 344 in
765 303 957 357 Europa:
983 301 1072 342 huc
1097 296 1310 340 accedent
1332 291 1666 343 insectationes,
1693 296 1736 334 et
1757 287 1947 332 ludibria

333 383 662 440 indigenarum,
690 378 765 434 qui
798 375 1062 434 peregrinos
1084 373 1159 416 vix
1187 372 1391 416 homines
1413 371 1600 420 ducunt3
1633 365 1820 410 maxime
1842 377 1947 408 vero

334 459 626 509 Bonziorum,
667 455 743 511 qui
780 453 957 498 divinae
992 451 1107 508 legis
1144 462 1361 506 precones
1397 445 1610 491 acerrime
1650 442 1942 494 insectantur,
1988 427 2002 492 s

326 549 595 594 quamquam
618 534 662 576 in
685 532 809 575 hisce
831 530 937 587 ipsis
959 526 1253 572 incommodis
1275 524 1461 568 mirifice
1479 527 1690 580 gustatur
1710 521 1851 563 Deus.
1996 518 1998 521 ’

426 624 465 667 5.
532 613 581 654 In
603 608 844 668 Japonicas
871 605 1138 651 Academias
1175 617 1301 647 sacra
1324 600 1489 645 Missae
1519 597 1749 655 suppellex
1770 609 1860 638 non
1881 593 1946 636 vi-

335 691 481 741 detur,
506 694 684 744 propter
707 683 1100 741 longinquitatem,
1125 688 1170 724 et
1186 677 1416 723 latrocinia
1438 676 1664 727 itinerum,
1694 679 1791 716 tuto
1818 685 1948 728 posse

335 764 533 823 perferri.
560 765 714 819 Itaque
736 761 782 804 in
805 768 869 804 tot
892 758 1132 811 aerumnis,
1157 764 1292 812 atque
1321 751 1650 803 vexationibus,
1681 764 1783 793 cum
1812 755 1856 794 et
1878 762 1950 791 sa·
1971 738 2008 794 sz'*

336 841 489 887 crificii
511 840 735 891 solatium,
767 846 811 882 et
843 835 1150 881 Eucharistiae
1181 831 1449 890 praesidium
1477 828 1607 882 desit3
1642 826 1749 871 satis
1771 831 1952 882 apparet
1983 867 1988 882 ÷

335 926 502 975 quanta
525 917 704 961 tandem
726 915 909 968 virtute,
936 928 986 956 ac
1009 914 1168 956 robore
1190 908 1324 953 animi
1347 914 1498 964 septos
1515 919 1614 950 esse
1632 908 1834 960 oporteat
1855 915 1949 954 eos,
1975 922 1986 965 ζ

334 992 725 1053 quibusJaponica
741 990 988 1048 Gymnasia
1005 988 1301 1032 destinentur.
1323 983 1497 1028 Deinde
1515 983 1570 1025 ab
1588 979 1772 1037 ingenio
1788 977 1952 1022 doctri·

339 1087 486 1128 naque
514 1071 759 1114 instructos
797 1083 896 1113 esse
935 1065 1161 1118 convenit,
1187 1072 1237 1108 ut
1267 1065 1491 1121 Japonum
1528 1054 1952 1114 interrogationibus

339 1149 483 1201 facile,
509 1147 799 1204 appositeque
822 1144 1135 1202 respondeant.
1159 1139 1406 1185 Plurimum
1429 1144 1578 1182 autem
1601 1135 1735 1179 refert
1756 1147 1833 1176 eos
1855 1146 1952 1177 esse
1970 1114 1977 1158 .'
1995 1154 1998 1158 ⁴

341 1224 670 1281 Philosophiae,
696 1222 888 1266 maxime
910 1235 1016 1264 vero
1043 1216 1315 1263 Dialecticae
1337 1214 1519 1272 peritos,
1546 1219 1595 1256 ut
1622 1209 1794 1269 possint
1815 1211 1995 1268 Japo-

342 1317 449 1346 num
472 1300 760 1359 pertinaciam
784 1313 1046 1355 coarguere,
1072 1310 1123 1339 ac
1147 1293 1390 1340 revincere:
1416 1290 1626 1334 nimirum
1649 1294 1697 1331 ut
1718 1285 2004 1331 ostendant·

343 1395 419 1425 eos
442 1379 524 1423 sibi
547 1393 638 1422 non
659 1384 882 1429 constare,
907 1376 986 1420 sed
1007 1374 1156 1417 dicere
1178 1372 1310 1429 plane
1331 1367 1568 1414 contraria.

342 1689 459 1732 unde
482 1687 661 1743 imbres,
693 1685 786 1738 nix,
818 1683 990 1740 grando
1015 1666 1244 1724 nascatur:
1270 1678 1345 1735 qui
1374 1682 1592 1728 cometae,
1625 1671 1836 1725 tonitrua,
1866 1669 1929 1714 ful
1953 1698 1968 1708 .-

341 1779 470 1822 gura,
495 1771 539 1809 et
562 1763 646 1806 alia
667 1761 886 1818 ejusmodi
908 1759 1116 1805 existant.
1143 1754 1404 1800 Incredibile
1432 1759 1500 1798 est
1523 1751 1675 1795 talium
1703 1763 1852 1794 rerum
1874 1760 1948 1793 ex
1973 1788 1985 1810 ,ἵ

341 1840 518 1899 plicatio
556 1845 772 1896 quantum
810 1838 956 1882 valeat
994 1836 1049 1879 ad
1085 1832 1388 1878 conciliandas
1419 1832 1641 1889 Japonum
1677 1827 1949 1870 voluntates

341 2071 443 2124 loci,
469 2085 558 2128 quo
580 2070 829 2113 mittantur.
1923 2115 1925 2118 Α

430 2160 470 2203 7.
535 2148 869 2203 Saepenumero
886 2143 993 2186 mihi
1016 2143 1059 2186 in
1083 2148 1277 2185 mentem
1299 2137 1422 2182 venit
1451 2137 1506 2180 ad
1523 2133 1788 2194 Japonicum
1811 2122 1935 2195 neggi

340 2227 451 2270 tium
475 2226 656 2282 Belgas,
682 2229 759 2266 aut
780 2223 1033 2266 Germanos
1057 2221 1214 2263 Patres
1231 2213 1538 2274 perappositos
1553 2211 1771 2268 judicare,
1792 2208 1913 2266 quip

341 2302 534 2359 frigoris,
558 2299 812 2355 laborisque
830 2297 1066 2355 patientes:
1091 2309 1194 2339 cum
1217 2290 1478 2350 praesertim
1501 2289 1546 2332 in
1564 2287 1703 2341 Italia,
1722 2293 1768 2332 et
1789 2285 1935 2343 Hisp

337 2379 426 2432 nia,
451 2378 571 2434 quod
592 2375 878 2421 vernaculam
900 2373 1101 2430 linguam
1128 2371 1352 2428 ignorent,
1385 2367 1557 2411 nullum
1580 2365 1626 2408 in
1648 2363 1927 2408 concionan·

339 2470 472 2511 usum
494 2455 701 2498 habeant.
728 2451 824 2495 Etsi
847 2450 966 2494 enim
988 2457 1038 2492 ut
1060 2461 1196 2506 agere
1218 2445 1388 2504 possint
1408 2458 1511 2488 cum
1540 2441 1689 2495 sociis,
1714 2439 1791 2497 qui
1811 2438 1858 2482 in
1873 2439 1933 2497 J‘J:

340 2532 473 2590 ponia
494 2539 614 2583 sunt,
655 2527 905 2585 Hispanici,
941 2534 1018 2570 aut
1050 2522 1297 2570 Lusitanici
1331 2519 1550 2566 sermonis
1586 2519 1720 2562 rudes
1743 2531 1841 2562 esse
1862 2519 1914 2558 ni

342 2609 522 2660 debent3
549 2614 697 2651 tamen
725 2603 946 2661 ejusmodi
976 2602 1179 2659 linguam
1202 2598 1369 2651 Indico,
1399 2605 1444 2642 et
1465 2595 1683 2655 Japonico
1710 2593 1885 2647 itinere,
1916 2579 1927 2625 ff

339 2699 428 2742 quo
449 2683 678 2726 biennium
700 2681 933 2724 minimum
956 2678 1152 2736 ponitur,
1177 2675 1286 2720 satis
1307 2674 1554 2719 addiscent.
1912 2659 1913 2662 Ἴ

427 2761 468 2803 8.
533 2760 684 2803 Unum
716 2764 800 2809 est,
832 2756 956 2812 quod
983 2769 1090 2799 sane
1111 2752 1226 2798 scire
1248 2759 1292 2796 te
1308 2750 1458 2802 velim,
1483 2746 1736 2806 primarium
1763 2744 1919 2805 aliqu-1

339 2835 575 2882 Societatis
595 2833 667 2876 hic
690 2832 948 2886 desiderari,
967 2829 1158 2874 instituti
1175 2827 1314 2872 nostri
1331 2826 1522 2883 peritum
1538 2824 1584 2867 in
1601 2822 1768 2880 primis,
1787 2835 1840 2866 ac
1854 2834 1877 2864 s
1892 2875 1894 2877 ‚

341 2913 533 2965 diosum,
557 2909 630 2954 cui
661 2908 831 2953 scilicet
855 2914 1004 2952 tecum
1029 2912 1161 2950 vetus
1197 2902 1476 2948 consuetudo
1512 2897 1827 2944 intercesserit.

338 2988 519 3048 inquam
540 2986 635 3030 viro
655 2986 864 3030 Goanum
886 2985 972 3035 hoc
993 2980 1282 3033 domicilium,
1306 2985 1352 3023 et
1368 2984 1434 3022 tot
1454 2976 1564 3021 locis
1580 2989 1732 3033 sparsa
1748 2972 1896 3019 Socie
