2018 3510
561 196 699 233 EP1ST.
725 196 888 231 61.—2o
915 197 1114 241 JANUARJI
1143 195 1231 240 1548
1592 207 1661 243 447

81 298 326 353 imponere,
352 311 455 339 cum
474 310 615 340 naues
633 296 811 340 iamiam
830 296 1111 339 discessurae
1129 312 1199 339 me
1218 305 1400 352 urgent,
1421 313 1503 341 nec
1522 299 1599 342 ubi
1616 314 1712 343 me-

81 374 168 416 lius
190 372 341 416 finiam
365 373 528 425 habeo,
555 387 690 427 quam
714 372 923 425 dicendo,
949 374 1070 427 quod
1093 372 1129 415 si
1159 373 1327 415 oblitus
1356 389 1553 429 unquam
1582 377 1711 420 fuero

85 448 325 495 Societatis
337 451 464 507 Jesu,
485 448 702 492 obliuioni
719 450 851 491 detur
867 450 1052 493 dextera
1068 464 1184 492 mea.
1207 451 1374 491 Precor
1391 452 1537 494 Deum
1555 460 1599 495 et
1617 455 1712 496 Do-

87 527 259 570 minum
282 533 489 569 nostrum
506 528 663 584 Jesum
692 526 924 569 Christum
956 533 1020 578 ut,
1052 526 1419 581 quandoquidem
1449 543 1530 570 nos
1558 529 1603 570 in
1632 544 1713 572 sua

85 603 319 647 coniunxit
341 610 497 645 sancta
520 602 747 647 Societate
771 602 817 645 in
838 604 923 645 hac
947 610 1037 644 tam
1060 602 1225 645 laboris
1249 603 1380 658 plena
1404 603 1510 656 vita,
1537 620 1615 660 pro
1634 620 1713 648 sua

85 679 390 723 misericordia
422 679 466 721 in
496 679 741 735 gloriosam
772 694 900 722 suam
928 679 1191 723 societatem
1220 679 1266 721 in
1295 680 1420 722 coelo
1449 681 1710 737 coniungat,

84 757 188 801 licet
210 771 290 812 pro
313 755 453 811 ipsius
477 770 628 799 amore
651 771 677 798 a
699 755 828 798 nobis
852 762 942 798 tam
965 755 1177 811 disjuncti
1200 754 1273 798 alii
1296 756 1352 798 ab
1376 755 1472 798 aliis
1489 756 1709 799 viuamus.

175 845 246 888 23.
314 834 370 875 Et
393 839 443 874 ut
465 832 728 888 intelligatis
753 838 922 887 quanto
945 832 1184 875 interuallo
1207 832 1426 888 corporali
1450 848 1474 875 a
1498 833 1626 875 uobis
1655 834 1714 875 si-

83 924 184 953 mus
209 909 438 962 disiuncti,
464 911 551 952 hoc
573 909 749 952 scitote:
777 910 897 964 quod
920 908 957 951 si
979 908 1025 950 in
1047 908 1330 952 obedientiae
1348 916 1531 952 sanctae
1549 909 1715 953 uirtute

84 986 253 1042 aliquid
276 986 422 1039 nobis,
450 985 615 1029 Maluci
637 985 927 1042 degentibus,
961 985 1037 1041 qui
1066 987 1236 1028 Romae
1264 985 1477 1028 habitatis
1507 985 1715 1030 iniunxe-

86 1063 198 1116 ritis,
224 1077 490 1119 responsum
514 1077 687 1115 eorum,
713 1076 829 1117 quae
851 1061 1136 1117 scripseritis,
1162 1076 1253 1104 non
1276 1061 1399 1117 prius
1423 1076 1557 1116 quarn
1575 1062 1717 1104 tribus

86 1139 216 1184 annis
239 1147 283 1184 et
310 1154 476 1183 nouem
499 1139 731 1182 mensibus
762 1138 931 1182 exactis
960 1137 1167 1194 excipere
1195 1137 1397 1194 potestis.
1437 1138 1568 1181 Prius
1600 1138 1717 1181 enim

87 1231 222 1272 quam
244 1216 291 1258 in
312 1216 482 1259 Indiam
503 1216 791 1272 perferuntur
809 1215 980 1267 literae,
1001 1222 1104 1257 octo
1121 1214 1363 1271 exigentur
1380 1229 1573 1258 menses:
1595 1214 1718 1270 prius

87 1300 240 1337 autem
263 1308 399 1348 quam
428 1294 483 1335 ab
513 1292 639 1335 India
669 1292 900 1336 Malucum
933 1291 1192 1348 nauigetur,
1224 1298 1328 1334 octo
1356 1291 1509 1333 itidem
1541 1305 1719 1334 menses

85 1377 427 1414 consumentur:
455 1371 563 1412 dum
587 1376 740 1413 autern
763 1376 940 1425 tempus
964 1375 1009 1412 et
1032 1383 1190 1422 naues,
1224 1382 1340 1423 quae
1369 1367 1415 1409 in
1444 1367 1615 1410 Indiam
1647 1382 1718 1411 re-

86 1447 243 1499 deunt,
269 1453 581 1503 expectantur:
607 1446 725 1490 inter
747 1446 947 1488 eundum
971 1451 1016 1489 et
1039 1445 1319 1488 redeundum
1342 1443 1506 1500 viginti
1528 1451 1574 1488 et
1603 1459 1720 1486 unus

87 1538 265 1568 menses
285 1524 544 1566 elabuntur:
571 1524 627 1566 ab
650 1522 776 1566 India
798 1529 966 1575 autem,
988 1529 1230 1577 antequam
1247 1523 1435 1564 Romam
1455 1535 1719 1577 responsum

87 1601 258 1654 redeat,
293 1600 367 1643 alii
395 1600 567 1653 itidem,
600 1599 772 1643 scilicet
800 1613 995 1653 menses,
1026 1605 1133 1641 sunt
1164 1597 1422 1643 necessarii.
1456 1599 1582 1642 Haec
1612 1612 1719 1641 vero

87 1677 280 1734 intelligi
302 1684 480 1733 oportet
502 1691 606 1720 curn
628 1690 844 1733 prospera
866 1683 936 1719 est
958 1675 1141 1719 omnino
1164 1674 1415 1731 nauigati03
1443 1675 1563 1729 quod
1584 1674 1621 1717 si
1639 1674 1718 1717 ali-

89 1754 198 1810 quid
219 1754 449 1798 sinistrum
472 1753 702 1807 acciderit,
728 1754 871 1797 multo
893 1752 1088 1809 longiori
1117 1760 1319 1808 ternpore
1347 1753 1436 1795 hoc
1465 1751 1549 1795 iter
1576 1752 1718 1794 confi—

89 1830 222 1875 citur.

178 1910 245 1952 Ex
266 1908 460 1962 Cochin,
485 1907 708 1966 vigesima
723 1907 927 1966 Januarii
950 1905 1320 1951 MDXXXXviii.

326 1985 539 2030 Minimus
561 1999 723 2029 seruus
745 1999 983 2029 seruorum
1008 1983 1248 2029 Societatis
1265 1984 1392 2040 Jesu,

1281 2061 1597 2103 FRANC1scus.
