2018 3510
309 260 374 306 532
803 258 1077 293 MONUMENTA
1097 256 1349 290 XAVERIANA

354 373 393 403 2.
461 358 753 402 Percontanti
777 358 902 409 mihi,
928 358 974 399 in
993 370 1082 411 quo
1100 355 1384 411 potissimum
1402 371 1571 413 genere
1589 358 1898 402 meditationis.

263 436 510 493 reperirent
547 450 729 479 sensum
769 442 1046 491 gustumque
1083 432 1276 488 pietatis;
1318 433 1364 475 in
1396 433 1565 476 Christi
1596 434 1888 488 cruciatibus,

262 512 627 567 atrocissimaque
650 526 761 555 nece
778 510 1121 566 responderunt.
1144 510 1300 564 Itaque
1317 510 1363 552 in
1380 512 1496 553 hanc
1513 511 1768 563 lectionem,
1790 527 1886 555 me—

262 589 616 643 ditationemque
638 587 876 644 praecipue
900 586 1184 628 incumbunt.
1212 586 1443 641 Quamdiu
1465 595 1572 629 sunt
1601 587 1647 629 in
1674 587 1887 643 spiritua-

263 667 380 709 libus
417 664 814 709 exercitationibus
854 662 1032 714 versati,
1075 669 1249 705 tantum
1287 662 1392 707 inde
1428 664 1634 706 coelestis
1671 663 1883 717 laetitiae,

262 743 526 800 piarumque
559 743 749 784 hausere
776 741 1122 795 lachrymarum,
1151 747 1199 782 ut
1220 739 1266 782 in
1288 741 1454 783 multos
1476 739 1688 796 deinceps
1710 754 1889 784 menses

265 820 552 864 redundaret.
597 816 800 873 Symboli
835 815 1088 872 Apostolici
1126 815 1287 872 capita,
1323 830 1483 860 causas
1515 830 1595 859 cur
1626 817 1712 860 Dei
1749 817 1890 860 Filius

265 895 543 938 humanitate
566 894 752 936 indutus
775 907 923 949 genus
944 894 1193 935 humanum
1218 894 1274 935 ab
1297 892 1483 937 interitu
1505 892 1760 945 vindicarit,
1786 907 1891 937 coe-

264 979 450 1026 teraque
472 970 755 1014 Christianae
778 968 1009 1025 religionis
1032 969 1245 1024 mysteria
1266 984 1345 1025 per
1367 969 1507 1012 otium
1524 969 1588 1013 eis
1608 969 1887 1013 tradidimus.

263 1047 531 1104 Interrogati
554 1063 579 1090 a
602 1061 673 1089 me
696 1046 892 1102 saepius,
919 1046 1039 1100 quod
1063 1047 1243 1089 tandem
1267 1046 1381 1090 inter
1407 1046 1663 1090 Christiana
1684 1046 1889 1090 instituta

263 1124 542 1182 potissimum
565 1124 800 1176 ducerent,
827 1137 878 1166 ac
901 1122 1093 1166 maxime
1116 1124 1326 1176 salutare3
1358 1123 1525 1179 primas
1552 1137 1728 1179 semper
1755 1124 1888 1166 detu-

262 1204 414 1247 lerunt
442 1200 750 1245 Confessionis
779 1209 823 1244 et
852 1199 1162 1244 Eucharistiae
1194 1200 1512 1244 Sacramentis:
1543 1206 1589 1242 et
1619 1199 1751 1242 simul
1778 1200 1891 1243 illud

261 1279 522 1335 adjecerunt
538 1277 762 1321 neminem
773 1291 854 1319 sua
870 1276 1051 1331 quidem
1065 1276 1288 1319 sententia
1302 1276 1487 1320 rationis
1504 1283 1760 1332 compotem
1771 1277 1888 1331 fore,

262 1355 338 1411 qui
369 1354 564 1411 cognitis
596 1348 878 1398 Christianae
911 1352 1142 1409 religionis
1166 1353 1390 1408 mysteriis
1414 1368 1466 1396 ac
1489 1353 1683 1409 legibus,
1719 1353 1887 1396 Christi

260 1447 351 1475 non
388 1432 682 1487 amplectatur
719 1431 868 1473 fidem.
913 1431 1043 1474 Unus
1081 1444 1136 1473 ex
1167 1430 1237 1473 his
1262 1431 1432 1473 Paulus
1451 1431 1499 1474 S.
1532 1429 1659 1474 Fidei
1682 1430 1889 1473 nomina-

263 1515 350 1561 tur;
377 1510 498 1550 hunc
521 1522 610 1563 ego
640 1507 792 1549 audivi
822 1521 925 1549 cum
948 1506 1268 1563 ingemiscens,
1294 1507 1543 1562 crebroque
1565 1507 1798 1563 suspirans
1819 1507 1889 1549 di—

261 1591 398 1629 ceret:
430 1584 469 1627 O
491 1598 566 1626 vos
588 1585 777 1625 miseros
793 1584 1009 1640 Japones,
1036 1585 1114 1639 qui
1129 1589 1218 1639 pro
1238 1584 1347 1626 Diis
1375 1598 1426 1648 {m
1449 1584 1603 1636 colitis,
1628 1598 1740 1639 quae
1761 1585 1889 1626 Deus

261 1661 319 1703 ad
352 1675 463 1703 usus
495 1661 644 1718 effecit
677 1660 914 1702 humanos.
949 1662 1066 1703 Tum
1105 1675 1192 1717 ego
1228 1659 1337 1715 quid
1359 1660 1440 1703 ita?
1477 1660 1677 1715 inquam3
1714 1667 1758 1704 et
1795 1660 1888 1713 ille,
1935 1685 1940 1692 «
1984 1645 1988 1653 ¹

260 1740 414 1794 rogas?
437 1737 597 1792 inquit.
632 1739 706 1780 An
729 1752 820 1780 non
849 1737 972 1781 caeci
995 1745 1117 1790 sunt,
1145 1737 1222 1793 qui
1253 1738 1392 1780 solem
1426 1751 1478 1780 ac
1510 1738 1662 1780 lunam
1695 1737 1887 1780 famulos

260 1813 634 1867 Christianorum,
666 1821 907 1856 numerant
928 1815 1072 1857 Deos?
1101 1814 1209 1869 quid
1237 1813 1356 1858 enim
1388 1813 1510 1856 aliud
1538 1813 1611 1856 illa
1634 1813 1791 1856 mundi
1812 1814 1884 1856 lu-

260 1890 378 1933 mina
411 1889 631 1943 efficiunt,
666 1890 751 1933 nisi
785 1890 903 1934 diem
941 1898 1214 1946 noctemque
1249 1890 1555 1947 distinguunt,
1591 1898 1641 1933 ut
1675 1889 1886 1934 videlicet

259 1967 470 2009 mortales
504 1973 630 2009 tanto
664 1968 901 2023 splendore
935 1967 1116 2011 excitati
1148 1974 1489 2024 praepotentem
1521 1969 1670 2011 Deum
1704 1970 1886 2012 Patrem

259 2042 494 2095 luminum,
520 2043 697 2098 Deique
718 2044 875 2096 filium,
896 2046 1053 2101 Jesum
1071 2044 1303 2087 Christum
1325 2050 1370 2087 et
1387 2051 1638 2100 agnoscant
1656 2051 1701 2088 et
1717 2045 1885 2088 colant.

260 2119 345 2162 His
363 2119 502 2175 igitur
525 2120 762 2163 comitibus
785 2121 928 2176 pridie
955 2122 1183 2164 Kalendas
1204 2120 1364 2178 Junias
1387 2136 1504 2164 anno
1526 2128 1628 2177 post
1657 2121 1888 2165 Christum

260 2203 416 2237 natum
440 2199 485 2239 M
494 2198 735 2240 .D.XLIX.
763 2198 947 2253 perveni
966 2198 1202 2242 Malacam.

350 2284 390 2325 3.
455 2272 543 2315 Vix
566 2289 590 2317 e
612 2273 715 2315 navi
738 2274 1077 2327 descenderam,
1104 2289 1207 2317 cum
1236 2274 1556 2318 Lusitanorum
1584 2281 1886 2318 mercatorum

259 2346 409 2389 literas
431 2362 485 2390 ex
502 2349 691 2405 Japonia
713 2350 881 2406 accepi,
908 2366 964 2394 ex
987 2350 1151 2405 quibus
1179 2350 1347 2407 agnovi
1374 2350 1620 2407 principem
1645 2351 1885 2406 quemdam

253 2423 470 2479 Japoniae
491 2423 636 2466 virum
660 2425 756 2469 fieri
777 2427 892 2470 velle
916 2426 1238 2470 Christianum.
1272 2428 1428 2482 Itaque
1456 2428 1632 2483 legatos
1660 2428 1715 2470 ab
1744 2441 1798 2470 eo
1826 2427 1882 2469 ad

260 2499 519 2542 Praetorem
542 2500 693 2545 Indiae
715 2502 875 2545 missos
904 2517 1008 2546 cum
1037 2503 1276 2556 mandatis,
1307 2510 1358 2546 ut
1385 2503 1556 2559 aliquot
1584 2510 1765 2547 nostrae
1782 2494 1881 2548 ''So—

257 2573 432 2617 cietatis
454 2576 657 2619 homines
679 2579 958 2633 postularent
986 2580 1270 2624 Christianae
1297 2580 1412 2636 legis
1443 2580 1700 2636 magistros.
1731 2581 1781 2622 In
1803 2579 1882 2622 iis-
1924 2614 1928 2618 .
1983 2570 1991 2641 Ιἶ

258 2651 358 2693 dem
401 2651 540 2694 literis
586 2647 708 2695 illud'
738 2669 919 2710 quoque
955 2664 1051 2700 erat
1087 2656 1327 2713 scriptum,
1363 2656 1407 2699 in
1441 2657 1635 2712 quodam
1662 2655 1886 2714 Japoniae

256 2725 420 2782 oppido
442 2735 713 2773 mercatores
736 2731 976 2775 Lusitanos
998 2733 1130 2788 jussu
1153 2732 1274 2789 regis
1301 2732 1349 2775 in
1370 2732 1615 2789 hospitium
1636 2731 1883 2776 Daemoni--

255 2802 340 2844 bus
372 2801 605 2856 infectum,
637 2819 689 2847 ac
720 2814 955 2861 propterea
993 2809 1238 2862 desertum,
1273 2824 1374 2853 esse
1404 2809 1643 2853 deductos.
1678 2808 1744 2851 Ibi
1777 2822 1883 2851 cum

253 2877 400 2934 ignari
423 2878 561 2922 totius
583 2880 646 2922 rei
669 2881 873 2924 Lusitani
895 2883 1056 2927 lacinia
1077 2887 1430 2938 retraherentur,
1463 2892 1508 2929 et
1537 2884 1742 2928 conversi
1769 2883 1878 2927 nihil

252 2954 434 2997 omnino
457 2964 706 3009 cernerent,
733 2958 962 3011 attonitos,
989 2960 1096 3016 quid
1119 2963 1298 3005 tandem
1321 2962 1366 3004 id
1388 2969 1507 3004 esset
1529 2960 1786 3016 requisisse.

338 3043 380 3084 4.
446 3032 591 3075 Nocte
613 3039 763 3077 autem
787 3035 996 3089 quadarn,
1036 3050 1139 3080 cum
1168 3038 1361 3081 famulus
1396 3037 1756 3095 spectronescio
1786 3050 1878 3091 quo
