2049 3360
534 159 668 195 EP1ST.
701 167 859 205 112.——9
886 160 1052 197 APR1L1S
1083 170 1172 208 1552
1546 161 1614 210 737

45 259 103 303 lia
124 275 352 316 passuum,
378 266 423 303 et
445 261 655 313 ducenta;
691 262 746 303 ab
770 262 893 306 Urbe
926 264 1066 306 Roma
1102 264 1330 308 leucarum
1366 265 1555 321 amplius
1585 281 1661 310 sex

47 337 196 380 millia.
225 339 334 380 Post
366 343 542 381 sextum
571 337 704 389 diem,
734 340 831 382 Deo
854 340 1144 395 approbante,
1178 348 1266 385 tres
1293 356 1318 384 e
1347 342 1588 396 Societate,
1619 344 1663 387 in

50 413 120 456 his
153 415 243 457 duo
265 415 537 467 sacerdotes,
570 415 626 457 ad
650 414 858 459 Sinarum
883 430 1073 472 regnum
1096 417 1340 473 profecturi
1362 432 1532 462 sumus.

138 504 178 534 2.
243 492 291 535 Id
314 505 504 548 regnum
526 507 550 535 e
572 491 757 547 regione
789 493 1004 549 Japoniae
1042 500 1111 537 est
1147 495 1283 551 longe
1319 495 1655 551 amplissimum,

47 568 224 611 acribus
250 568 460 625 ingeniis,
501 568 850 624 hominibusque
873 569 1060 617 eruditis
1089 571 1160 615 vel
1189 570 1380 616 maxime
1409 572 1668 628 frequenta-

46 652 155 689 tum.
181 646 295 689 Nam
319 652 536 702 quantum
559 659 646 701 ego
663 659 938 702 cognoscere
961 647 1101 702 potui,
1137 649 1296 691 florent
1325 649 1444 705 apud
1467 664 1544 694 eos
1570 657 1668 694 stu-

45 722 115 766 dia
138 722 458 766 doctrinarum:
479 729 614 778 atque
637 729 687 765 ut
709 722 898 778 quisque
921 723 1206 767 doctissimus
1223 731 1308 778 est,
1334 724 1397 768 ita
1414 726 1606 771 coeteris
1622 733 1668 771 et

44 799 264 857 dignitate
285 799 479 853 excellit,
505 807 549 844 et
571 806 808 856 potestate.
835 800 1111 857 Religiones,
1133 801 1297 857 quibus
1312 804 1510 861 Japones
1529 811 1666 847 utun-

50 891 116 930 ur,
145 876 254 921 satis
277 884 454 921 constat
478 877 643 933 petitas
667 878 722 921 ab
757 877 893 922 Sinis.
922 879 1041 922 Imus
1065 879 1159 935 spei
1188 879 1468 936 fiduciaeque
1490 879 1667 925 divinae

46 953 179 1012 pleni.
206 954 577 1010 Confidimusque
600 954 768 998 Christi
786 969 952 998 nomen
976 954 1020 997 in
1043 955 1176 1000 Sinas
1195 955 1435 1012 aliquando
1457 964 1667 1014 penetra—

49 1038 213 1075 turum.
241 1033 424 1087 Quaeso
447 1038 506 1084 te,
532 1033 679 1075 Deum
702 1046 783 1088 pro
805 1031 890 1085 his,
916 1031 991 1087 qui
1015 1032 1061 1075 in
1078 1033 1269 1090 japonia
1285 1041 1407 1087 sunt,
1433 1034 1600 1090 quique
1621 1034 1666 1077 in

49 1108 178 1153 Sinas
200 1110 495 1162 contendunt,
521 1109 691 1166 precari
714 1123 771 1153 ne
798 1109 991 1153 desinas:
1025 1110 1102 1153 ubi
1130 1110 1175 1153 in
1205 1111 1335 1155 Sinas
1364 1113 1463 1156 Deo
1488 1113 1667 1157 favente

47 1186 399 1243 pervenerimus,
425 1187 482 1231 de
504 1193 658 1230 nostro
685 1188 900 1241 adventu,
934 1188 1081 1243 deque
1109 1203 1188 1244 spe
1216 1189 1535 1246 propagandae
1563 1189 1666 1233 reli--

48 1263 195 1320 gionis
215 1265 271 1309 ad
295 1271 339 1309 te
361 1263 634 1321 perscribam
658 1264 878 1321 pluribus.

135 1355 174 1396 3.
240 1341 431 1398 Collegii
468 1341 615 1385 Goani
653 1343 890 1386 Rectorem
924 1342 1173 1397 Gasparem
1214 1343 1400 1399 Belgam
1430 1343 1661 1398 constitui,

38 1419 188 1462 virum
210 1426 436 1476 spectatae
457 1418 653 1472 virtutis,
689 1426 734 1464 et
756 1418 1025 1463 coelestibus
1064 1419 1193 1462 donis
1230 1420 1524 1464 cumulatum:
1550 1434 1663 1464 eun—

1 1502 5 1551 }
45 1496 234 1551 demque
270 1495 634 1541 concionatorem
671 1496 924 1554 egregium,
956 1502 1001 1540 et
1023 1495 1193 1539 civitati
1222 1496 1475 1550 universae,
1508 1511 1561 1541 ac
1582 1498 1663 1541 do-

2 1570 5 1584 ³
38 1573 238 1617 mesticis
267 1573 399 1619 unice
426 1587 594 1617 carum.
637 1575 824 1629 Omnes,
857 1573 933 1629 qui
970 1572 1015 1615 in
1037 1573 1107 1616 his
1143 1573 1253 1617 locis
1281 1580 1535 1628 versantur,
1569 1581 1663 1619 tum

5 1646 7 1654 ⁴
49 1651 218 1704 Patres,
245 1658 341 1694 tum
377 1652 552 1705 fratres,
577 1651 617 1694 ei
654 1665 811 1708 parere
836 1650 967 1706 jussi.
1004 1652 1160 1706 Itaque
1181 1665 1289 1694 sane
1326 1651 1486 1704 laetus,
1512 1658 1557 1694 et
1579 1652 1663 1695 do-

49 1728 332 1773 mesticarum
368 1743 516 1773 rerum
549 1727 832 1772 solicitudine
863 1741 1036 1771 vacuus
1067 1727 1325 1784 proficiscor
1360 1727 1406 1770 in
1443 1728 1588 1772 Sinas.
1615 1728 1664 1772 Si

11 1851 13 1870 2
51 1805 161 1850 forte
181 1807 308 1850 Deus
329 1820 400 1850 me
422 1807 608 1850 absente
629 1806 878 1862 Gasparem
902 1804 1100 1849 evocarit
1128 1819 1152 1848 e
1175 1804 1284 1858 vita,
1316 1803 1663 1861 chirographum

42 1884 163 1940 apud
187 1883 314 1927 illum
342 1882 500 1940 reliqui
536 1882 838 1940 obsignatum,
876 1896 965 1937 quo
1001 1883 1165 1925 Rector
1187 1881 1227 1926 ei
1248 1897 1274 1925 a
1297 1896 1368 1926 me
1389 1881 1663 1925 substitutus

46 1959 308 2005 declaratur.
334 1961 383 2004 Id
404 1976 476 2006 me
500 1967 548 2004 ut
570 1960 763 2005 facerem
784 1958 1093 2016 longinquitas
1110 1959 1313 2002 locorum
1330 1958 1578 2002 admonuit.

131 2051 168 2094 4.
232 2038 390 2083 Visum
408 2037 541 2082 etiam
564 2044 633 2081 est
662 2053 687 2082 e
710 2051 758 2080 re
776 2035 1032 2080 Christiana
1056 2042 1161 2080 ante
1178 2050 1328 2080 meum
1350 2035 1396 2078 in
1414 2035 1547 2080 Sinas
1570 2035 1662 2080 dis—

47 2129 220 2161 cessum
251 2115 522 2173 praecipere,
554 2121 602 2159 ut
633 2114 835 2171 proximo
875 2128 992 2156 anno
1032 2119 1182 2157 certus
1215 2114 1349 2156 horno
1383 2128 1408 2157 e
1437 2112 1663 2158 Societate

47 2192 149 2237 hinc
169 2193 213 2236 in
236 2193 530 2246 Lusitaniam,
550 2199 686 2248 atque
707 2191 812 2236 inde
833 2192 1020 2234 Romam
1042 2204 1145 2233 cum
1161 2189 1302 2234 literis
1319 2189 1586 2244 mitteretur;
1608 2205 1663 2235 ex

48 2284 134 2326 quo
149 2285 298 2315 coram
326 2269 679 2327 cognosceretis,
711 2275 987 2324 quantopere
1008 2267 1130 2311 viros
1146 2267 1282 2323 hujus
1299 2266 1418 2310 vitae
1434 2267 1663 2311 laboribus

45 2353 95 2391 *et
110 2348 316 2405 periculis
332 2347 553 2392 exercitos
570 2361 622 2390 ac
639 2346 851 2402 probatos
867 2346 979 2390 haec
995 2345 1092 2388 loca
1109 2343 1380 2388 desiderent.
1402 2345 1517 2388 Nam
1541 2344 1638 2400 ejus
1649 2369 1663 2377 -

47 2425 165 2468 modi
191 2425 267 2482 qui
294 2432 415 2478 sunt,
447 2423 685 2481 plurimum
714 2423 760 2465 in
781 2421 1125 2478 amplificatione
1162 2420 1301 2464 divini
1339 2421 1487 2464 cultus
1524 2422 1661 2477 profi-

50 2500 185 2546 ciunt:
211 2501 375 2546 coeteri
396 2501 600 2558 quamvis
621 2499 743 2543 docti
759 2498 979 2552 homineS,
1005 2498 1043 2542 si
1064 2513 1220 2555 parum
1250 2497 1294 2541 in
1319 2498 1544 2542 aerumnis
1572 2498 1662 2542 sint

47 2579 446 2635 vexationibusque
467 2577 672 2636 spectati,
699 2576 940 2620 admodum
963 2590 1135 2632 parum.
1162 2577 1251 2619 Pro
1269 2590 1354 2618 usu
1373 2590 1506 2631 quem
1523 2577 1661 2633 Japo-

49 2653 144 2700 niae
163 2657 324 2709 habeo,
349 2670 452 2699 cum
475 2655 684 2699 omnibus
700 2655 926 2711 Japonum
956 2651 1090 2696 saluti
1117 2651 1407 2705 consulturis,
1434 2659 1529 2695 tum
1552 2667 1661 2697 vero

46 2732 203 2776 nostris
225 2734 281 2777 ad
296 2732 534 2791 Japonicas
556 2729 824 2775 Academias
846 2729 976 2773 ituris
998 2730 1088 2772 duo
1110 2729 1240 2786 plane
1262 2735 1368 2772 sunt
1384 2728 1656 2773 necessaria:

23 2807 231 2902 ¹primurn
258 2824 451 2867 magnus
478 2823 626 2853 rerum
655 2822 764 2851 usus
794 2822 850 2851 ex
877 2809 1104 2851 aerumnis
1131 2821 1183 2850 ac
1210 2805 1437 2862 periculis,
1469 2813 1514 2850 et
1543 2805 1660 2850 inte-

28 2882 248 2930 ··riore-sui
269 2886 528 2945 cognitione
555 2890 856 2942 comparatus.
894 2885 1009 2928 Nam
1037 2883 1083 2926 in
1108 2881 1299 2941 Japonia
1319 2882 1491 2938 majora
1520 2882 1660 2939 frigo-

32 2973 161 3016 rum,
189 2962 380 3020 inopiae,
411 2970 779 3016 coeterarumque
816 2975 963 3004 rerum
1001 2959 1285 3004 incommoda
1315 2958 1506 3003 subituri
1536 2968 1657 3013 sunt,

218 3044 355 3075 Momm.
371 3046 460 3075 XAv.
1372 3040 1407 3070 49

14 2144 21 2189 l
