2148 3515
493 319 622 347 xxvm
1029 309 1301 344 MONUMENTA
1329 307 1580 342 XAVERIANA

450 411 676 468 sequitur,
695 412 741 453 ff.
765 421 874 464 7—74
892 425 927 452 1.
950 409 1103 454 Tertia
1125 409 1319 464 denique
1341 423 1460 464 pars,
1486 408 1686 464 quinque
1718 408 1940 464 capitibus
1962 424 2072 453 con-

441 496 582 541 stans,
605 488 820 530 miracula
838 494 882 530 et
901 487 1004 540 alia,
1028 502 1143 543 quae
1161 486 1333 529 obitum
1351 485 1506 530 Sancti
1524 492 1770 529 consecuta
1786 492 1907 538 sunt,
1922 485 2066 530 brevi-

443 573 509 610 ter
526 571 720 619 enarrat,
740 566 785 607 ff.
810 566 949 618 74-84
967 580 1002 606 r.
1038 563 1262 607 Prooemii
1291 562 1432 619 prima
1460 563 1599 607 verba
1628 564 1740 611 haec
1770 570 1891 605 sunt:
1927 565 2068 607 «Por-

442 658 531 699 que
554 643 595 685 el
614 643 758 686 Senor
777 656 824 685 se
844 644 901 684 ha
925 642 1102 685 llebado
1125 656 1181 696 ya
1203 656 1310 697 para
1338 640 1374 682 si
1403 639 1494 683 casi
1519 640 1648 682 todos
1670 640 1737 682 105
1768 640 1824 683 de
1850 640 1893 683 la
1929 641 2067 684 Com-

440 723 573 777 pafiia
606 720 662 764 de
685 721 821 777 Jesus
848 733 936 774 que
958 734 1015 762 en
1037 724 1156 761 estas
1186 724 1419 773 partes...»
1456 716 1637 760 Codicis
1660 717 1861 760 clausula
1889 724 1958 761 est
1980 719 2067 760 hu-

435 796 650 853 jusmodi:
691 797 897 851 «quando
930 796 971 839 el
1005 797 1150 839 Sefior
1181 795 1298 836 dello
1337 795 1463 838 fuere
1500 793 1682 837 seruido
1724 808 1830 849 para
1866 793 2009 850 gloria
2039 810 2069 851 y

440 875 605 916 honrra
642 888 754 929 suya
791 888 819 928 y
842 873 937 915 loor
966 873 1094 916 deste
1117 886 1169 913 su
1190 879 1319 914 santo
1336 871 1500 914 sieruo.
1524 872 1711 915 Amen.»

527 952 596 994 De
619 957 802 993 auctore
825 950 960 1005 hujus
983 948 1098 1001 libri,
1124 955 1301 1004 praeter
1324 963 1393 1002 ea,
1421 962 1536 1003 quae
1559 947 1654 1004 ipse
1677 949 1734 992 de
1765 962 1813 992 se
1842 948 1888 992 in
1911 949 2069 993 eodem

439 1028 642 1079 affirmat,
669 1028 731 1069 nil
753 1034 876 1071 certo
898 1028 1119 1070 hactenus
1136 1025 1266 1069 nobis
1289 1024 1536 1081 comperire
1565 1025 1707 1069 licuit.
1735 1027 1881 1069 Porro
1905 1026 2004 1082 jam
2023 1026 2069 1069 in

439 1104 728 1159 praefatione,
756 1105 830 1146 fol.
864 1117 878 1146 1
904 1118 947 1146 V.
974 1102 1128 1145 scribit
1150 1102 1224 1146 1116
1245 1117 1301 1146 ex
1325 1101 1537 1145 omnibus
1566 1102 1715 1156 sociis,
1740 1102 1818 1158 qui
1846 1117 1949 1146 cum
1972 1105 2068 1147 Xa-

438 1180 561 1223 verio
577 1181 622 1222 in
641 1180 764 1223 India
781 1179 1032 1223 conversati
1051 1180 1243 1231 fuerant,
1259 1179 1443 1222 unicum
1461 1194 1509 1222 56
1526 1178 1571 1221 id
1590 1179 1804 1236 temporis
1815 1188 2062 1224 remanere.

440 1258 652 1310 Aliunde,
678 1257 844 1300 cumin
868 1258 942 1299 fol.
971 1269 1025 1311 77
1049 1257 1145 1313 ipse
1173 1264 1329 1299 auctor
1358 1256 1404 1298 in
1421 1256 1565 1312 prima
1586 1271 1779 1312 persona
1807 1258 1972 1302 referat
1993 1273 2062 1311 ea,

439 1349 553 1391 quae
575 1342 824 1379 evenerunt
849 1334 990 1377 tribus
1020 1334 1248 1377 sodalibus
1271 1336 1451 1377 Patrem
1481 1335 1639 1377 Nunes
1671 1333 1992 1378 comitantibus
2020 1335 2064 1378 in

438 1412 558 1464 navi,
584 1427 671 1468 qua
694 1426 855 1467 corpus
878 1413 926 1456 S.
968 1411 1151 1454 Xaverii
1188 1412 1334 1455 Goam
1356 1411 1659 1465 deferebatur3
1691 1411 1801 1455 satis
1830 1411 2067 1469 perspicue

439 1489 635 1533 indicare
666 1489 844 1533 videtur
872 1504 920 1533 56
949 1504 1089 1531 unum
1119 1504 1174 1532 ex
1202 1488 1287 1531 illis
1318 1489 1478 1542 fuisse3
1511 1503 1703 1545 quorum
1737 1495 1859 1533 06116
1886 1489 2068 1533 nomina

440 1566 614 1619 nullibi,
642 1567 765 1621 quod
787 1565 995 1618 sciamus,
1022 1566 1188 1622 scripta
1209 1566 1510 1622 reperiuntur.

529 1644 667 1698 Quod
703 1644 758 1686 ad
787 1644 922 1698 hujus
952 1658 1034 1686 ms.
1067 1643 1272 1699 genesim
1301 1643 1483 1696 attinet,
1514 1643 1658 1700 primo
1688 1643 1951 1700 ignoramus
1979 1658 2068 1700 qua

438 1719 595 1774 lingua
611 1721 667 1762 ab
685 1727 869 1763 auctore
888 1719 1191 1776 conscriptum
1210 1719 1283 1773 511,
1304 1727 1349 1763 61
1366 1735 1420 1763 311
1440 1722 1526 1763 hoc
1544 1721 1772 1776 exemplar
1782 1720 1841 1763 sit
1857 1722 2067 1777 archety—

438 1811 545 1852 pum
571 1797 644 1840 vel
669 1799 994 1853 apographum3
1022 1796 1131 1840 illud
1153 1798 1387 1841 dumtaxat
1409 1812 1465 1841 ex
1487 1797 1584 1854 ipsa
1606 1797 1850 1854 scriptione
1877 1797 1975 1841 erui
1998 1797 2055 1841 vi-

437 1874 584 1926 detur,
604 1876 726 1916 hunc
741 1873 941 1918 codicem
960 1888 1178 1917 coaevum
1196 1874 1370 1917 auctori
1387 1874 1606 1919 extitisse.
1629 1876 1887 1928 Praeterea,
1908 1875 2066 1931 quanti

438 1951 720 1994 aestimatum
745 1950 879 1994 fuerit
900 1953 956 1994 ab
975 1951 1162 1994 eruditis
1180 1958 1225 1994 et
1242 1951 1459 2008 gravibus
1477 1951 1584 1995 viris
1607 1958 1788 1997 nostrae
1805 1951 2062 2005 Societatis,

438 2042 494 2071 ex
539 2027 689 2072 verbis
730 2027 826 2070 erui
865 2027 993 2072 facile
1031 2028 1218 2084 poterit,
1251 2043 1368 2085 quae
1400 2030 1452 2072 P.
1484 2028 1675 2072 Cutilias
1709 2028 1756 2071 in
1787 2028 2066 2085 praefatione

440 2104 588 2161 operis
620 2106 676 2148 ab
699 2105 796 2161 ipso
819 2105 943 2157 editi,
969 2105 1042 2148 cui
1067 2105 1240 2159 titulus,
1270 2107 1434 2149 Cartas
1457 2107 1510 2149 de
1532 2107 1574 2149 S.
1602 2107 1848 2149 Francisco
1879 2107 2066 2159 Xavier‚

438 2181 605 2225 Matriti
638 2196 756 2224 anno
787 2193 912 2236 1752,
941 2182 1071 2225 nobis
1094 2183 1259 2239 scripta
1282 2183 1477 2238 reliquit:
1509 2184 1675 2227 «Otros
1697 2196 1904 2226 menores
1926 2181 2065 2241 [frag-

437 2264 587 2302 menta
623 2272 686 2301 50.
727 2258 998 2315 1111613111111]
1036 2260 1250 2303 debemos
1288 2264 1313 2303 a
1345 2275 1406 2302 un
1437 2259 1714 2304 manuscrito
1748 2267 1826 2303 tan
1858 2260 2063 2317 antiguo,

439 2348 568 2377 como
585 2334 747 2378 escrito
765 2335 821 2378 de
839 2349 929 2378 uno
947 2337 1003 2380 de
1021 2337 1222 2391 aquellos
1236 2338 1423 2389 PadreS,
1439 2351 1527 2393 que
1543 2336 1750 2380 vivieron
1766 2352 1853 2380 con
1870 2337 1912 2381 el
1923 2338 2066 2382 Santo

437 2425 494 2454 en
515 2412 557 2454 la
582 2411 720 2464 India,
747 2426 835 2467 que
857 2427 943 2455 con
977 2413 1150 2469 grande
1179 2413 1442 2456 estimacion
1464 2429 1493 2469 y
1515 2413 1708 2457 cuidado
1730 2429 1779 2459 se
1800 2416 1859 2457 ha
1881 2428 2065 2459 conser-

436 2489 568 2540 vado,
603 2503 632 2543 y
664 2503 713 2532 se
744 2502 963 2532 conserva
985 2505 1041 2544 oy
1064 2505 1120 2533 en
1144 2490 1184 2534 61
1209 2489 1399 2546 Colegio
1422 2491 1478 2533 de
1501 2490 1716 2547 Villarejo
1738 2491 1795 2535 de
1816 2493 1851 2534 F
1858 2497 2060 2535 uentes.»

438 2566 574 2607 Hunc
610 2564 741 2608 etiam
785 2566 986 2609 codicem
1018 2581 1109 2609 non
1141 2566 1239 2611 sine
1270 2568 1404 2611 laude
1436 2575 1757 2611 commemorat
1791 2571 1843 2612 P.
1880 2570 2064 2612 Rochus

438 2643 684 2684 Menchaca
716 2641 762 2684 in
795 2641 993 2687 editione
1026 2643 1316 2698 epistolarum
1349 2645 1397 2688 S.
1433 2644 1635 2698 Xaverii,
1673 2645 1903 2689 Bononiae
1930 2643 2065 2704 [anno

443 2717 567 2776 1795]
585 2732 766 2770 excusa,
787 2718 833 2760 in
849 2720 1197 2775 prolegomenis,
1223 2735 1328 2777 pag.
1356 2736 1433 2765 XV.
1828 2708 1833 2713 i

525 2795 623 2837 Hos
646 2802 795 2838 autem
819 2802 1027 2839 auctores
1050 2797 1106 2840 de
1129 2804 1282 2840 nostro
1305 2798 1461 2843 codice
1485 2813 1645 2855 agere,
1670 2800 1907 2856 perspicue
1929 2814 2067 2856 appa-

438 2878 505 2914 ret
527 2886 585 2914 ex
607 2871 678 2925 iis,
704 2886 820 2927 quae
843 2873 933 2915 duo
956 2873 1130 2930 egregii
1153 2881 1334 2919 nostrae
1361 2875 1602 2920 Societatis
1630 2876 1716 2919 viri
1742 2876 1789 2919 in
1817 2876 1959 2933 primo
1988 2877 2062 2920 fol.

437 2947 623 2991 secundi
645 2948 910 3004 exemplaris
933 2950 1069 3005 hujus
1091 2950 1259 2994 codicis
1283 2952 1353 3008 (de
1376 2967 1466 3007 quo
1483 2953 1634 2996 statim
1657 2953 1943 3010 disseremus)
1960 2968 2066 3010 pro-

437 3024 532 3080 pria
553 3039 688 3067 manu
710 3025 925 3081 scriptum
949 3026 1079 3069 nobis
1102 3028 1463 3073 transmiserunt.
1490 3030 1620 3073 Alter
1644 3029 1728 3073 fuit
1751 3032 1803 3074 P.
1836 3029 2066 3075 Marianus

439 3102 603 3157 Puyal,
649 3101 975 3157 majoricensis,
1021 3103 1276 3159 provinciae
1314 3105 1560 3162 Hispaniae
1595 3107 1894 3164 praepositus,
1934 3107 2064 3162 cujus
