2018 3510
333 269 400 313 530
828 264 1103 299 MONUMENTA
1129 262 1381 296 XAVERIANA

282 369 505 414 neminem
530 380 742 422 umquam
765 364 811 407 in
834 363 1004 407 Indiam
1027 361 1221 414 venisse,
1247 361 1319 404 cui
1345 368 1519 404 tantum
1542 363 1615 405 vel
1636 362 1821 405 honoris
1842 363 1915 406 vel

283 446 455 503 gratiae
478 444 728 487 tribuerent
750 442 972 497 degentes
994 438 1084 481 illic
1106 438 1326 490 Lusitani,
1353 446 1572 493 quantum
1600 438 1709 480 mihi
1737 439 1913 484 detule—

282 529 400 565 runt.
429 523 595 564 Totum
617 521 703 561 hoc
725 518 869 561 debeo
900 514 1127 571 Majestati
1160 516 1301 566 Tuae,
1337 514 1599 570 crebrisque
1632 515 1720 557 tuis
1751 515 1836 558 illis
1868 522 1912 559 et

279 598 536 643 efficacibus
560 592 1026 638 commendationibus
1049 591 1137 634 mei
1159 592 1215 634 ad
1238 606 1315 635 eos
1331 606 1445 646 quos
1463 591 1658 647 negotiis
1676 591 1824 648 Regni
1847 592 1911 635 tui

283 675 542 718 Praefectos
565 672 704 714 habes
732 684 811 726 per
838 668 1016 711 Indicos
1046 674 1232 711 tractus.
1266 669 1395 723 Quos
1423 667 1539 710 inter
1568 668 1778 723 quoniam
1816 671 1911 712 Do-

280 751 428 794 minus
460 751 622 792 Petrus
652 748 707 790 de
737 747 877 801 Sylva
910 745 1175 788 Praefectus
1208 744 1477 788 Malacensis
1510 744 1555 786 in
1591 760 1664 788 me
1690 745 1908 800 juvando,

280 827 488 876 colendo,
517 825 717 867 ornando
746 821 986 877 insigniter
1017 820 1243 872 excelluit,
1284 820 1429 875 iisque
1461 836 1532 865 me
1564 821 1649 864 sibi
1682 822 1912 866 beneficiis

279 902 534 953 obstrinxit,
562 900 726 955 quibus
744 898 894 954 inopia
916 905 960 942 et
983 897 1265 940 imbecillitas
1282 913 1382 941 mea
1399 913 1550 954 parem
1569 913 1594 940 a
1610 912 1682 941 me
1699 900 1911 954 umqua'm

281 980 436 1024 referri
459 978 650 1035 gratiam
673 975 931 1032 prohibent,
958 981 1062 1030 peto
1087 982 1136 1017 ut
1165 989 1237 1018 me
1271 974 1390 1017 sinas
1413 974 1688 1018 constituere
1709 975 1755 1017 in
1777 975 1910 1020 Libe-

279 1057 456 1100 ralitate
486 1057 585 1097 Tua
613 1053 975 1108 supplementum
1003 1051 1220 1108 egestatis
1249 1067 1390 1095 meae.
1423 1053 1471 1094 Id
1500 1066 1750 1108 consequar
1778 1052 1815 1095 si
1842 1052 1912 1095 di-

280 1133 493 1191 gnabitur
517 1131 728 1186 Majestas
751 1131 850 1171 Tua
872 1135 916 1172 et
937 1128 1043 1171 huic
1065 1136 1110 1171 et
1126 1128 1223 1172 aliis
1240 1129 1295 1171 de
1313 1144 1385 1172 me
1402 1128 1568 1184 optime
1585 1128 1755 1172 meritis
1772 1129 1908 1186 largi-

282 1218 349 1255 ter
371 1210 416 1251 in
439 1208 525 1251 mei
548 1206 739 1263 gratiam
761 1205 1101 1259 benefaciendo,
1133 1221 1185 1249 ea
1211 1213 1376 1249 cuncta
1407 1212 1758 1261 repraesentare,
1795 1221 1909 1262 quae

281 1290 382 1344 Ego
405 1285 511 1341 ipsis
534 1299 636 1327 cum
659 1284 866 1334 debeam,
887 1283 1117 1326 exsolvere
1138 1297 1229 1325 non
1248 1297 1444 1338 possum.

332 1349 337 1353 .
370 1365 411 1406 6.
476 1365 601 1404 Deus
619 1359 840 1403 Dominus
853 1347 1021 1402 ⁴Noster
1038 1374 1117 1415 per
1134 1374 1261 1402 suam
1280 1359 1502 1402 Infinitam
1522 1359 1742 1402 Pietatem
1760 1367 1805 1403 et
1823 1360 1909 1404 Mi—

282 1439 570 1484 sericordiam
594 1436 813 1480 illuminet
835 1437 967 1492 plene
995 1450 1046 1479 ac
1074 1436 1253 1491 penitus
1282 1443 1478 1479 mentem
1508 1437 1755 1492 Majestatis
1785 1439 1910 1483 Tuae

281 1518 337 1560 ad
354 1517 472 1559 clare
490 1513 856 1569 cognoscendum
873 1527 1001 1555 suam
1020 1513 1343 1557 Sanctissiman
1359 1514 1666 1566 Voluntatem,
1687 1515 1909 1569 addatque

282 1593 473 1651 gratiam
496 1591 695 1646 perfecte
717 1589 970 1644 exequendi
992 1604 1106 1644 quae
1128 1589 1211 1645 ipsi
1233 1591 1410 1645 placere
1432 1589 1626 1634 noveris:
1646 1590 1710 1633 sic
1727 1604 1908 1646 prorsus

281 1677 332 1714 ut
355 1669 514 1711 fecisse
537 1667 760 1723 gauderes
783 1665 828 1707 in
851 1673 1078 1709 momento
1095 1666 1253 1709 mortis
1277 1674 1397 1718 tuae,
1419 1668 1600 1721 quando
1619 1666 1787 1710 sisteris
1805 1673 1908 1710 ante

280 1746 365 1790 Dei
389 1745 605 1788 Tribunal
635 1742 893 1787 redditurus
922 1743 1139 1787 rationem
1178 1743 1376 1786 omnium
1404 1758 1519 1798 quae
1545 1759 1622 1800 per
1655 1744 1905 1787 universam
1947 1776 1950 1777 ν
1988 1754 1991 1758 ’

281 1823 419 1865 vitam
442 1821 590 1877 egisti.
619 1822 922 1863 Vehementer
944 1820 1077 1864 etiam
1100 1828 1236 1876 atque
1257 1820 1391 1864 etiam
1420 1822 1609 1864 obsecro
1633 1822 1715 1875 Te,
1749 1820 1905 1864 Domi-

281 1915 353 1952 ne,
380 1914 437 1942 ne
457 1897 649 1954 pigreris
666 1897 758 1952 jam
782 1911 902 1939 nunc
925 1912 1190 1953 praeparare
1217 1897 1263 1940 in
1285 1897 1395 1940 illud
1424 1897 1630 1940 ultimum
1658 1898 1904 1954 periculum

280 1974 517 2019 decretorii
540 1974 754 2018 momenti
777 1973 995 2029 quidquid
1024 1974 1222 2030 expediri
1250 1976 1383 2017 modo
1412 1989 1464 2017 ac
1493 1974 1715 2030 praeverti
1743 1980 1901 2030 potest.

282 2052 467 2096 Morbus
490 2051 608 2094 enim
631 2065 868 2106 supremus
892 2058 936 2095 et
958 2051 1113 2094 mortis
1135 2051 1390 2108 ingruentis
1411 2051 1591 2104 vicinia,
1623 2052 1684 2095 ita
1711 2058 1905 2096 mentem
1968 2077 1972 2092 .

280 2128 539 2184 languentis
561 2127 607 2169 in
630 2142 852 2183 angorum
882 2128 1192 2183 dolorumque,
1226 2128 1303 2184 qui
1330 2129 1509 2184 plurimi
1542 2128 1904 2184 acerbissimique

282 2213 389 2247 tunc
411 2204 634 2256 saeviunt,
660 2205 885 2260 praesenti
902 2219 1038 2248 sensu
1056 2205 1263 2248 miseram
1281 2205 1455 2262 defigit,
1480 2212 1527 2248 ut
1543 2205 1605 2247 illi
1621 2219 1902 2261 nequaquam

279 2287 409 2323 vacet
432 2280 528 2322 aliis
550 2280 670 2323 curis
687 2288 765 2323 aut
782 2281 1133 2336 cogitationibus
1150 2284 1397 2335 attendere,
1419 2298 1552 2338 quam
1568 2296 1680 2337 quas
1697 2281 1781 2324 illis
1798 2283 1901 2324 hor-

280 2356 418 2399 ribilis
441 2371 575 2399 scena
596 2371 744 2399 rerum
773 2357 922 2401 animo
950 2373 1048 2402 sese
1078 2365 1173 2401 tum
1205 2359 1397 2416 primum
1429 2359 1661 2415 objiciens,
1701 2358 1899 2402 tristissi-

280 2447 374 2475 mas
404 2440 447 2475 et
474 2433 691 2476 inutiliter
719 2434 972 2479 cruciantes
999 2435 1177 2490 incutit,
1209 2450 1399 2491 quarum
1435 2436 1675 2480 informare
1706 2435 1898 2491 speciem

279 2522 411 2550 nemo
434 2515 580 2563 potest
609 2509 684 2564 qui
712 2525 803 2552 non
834 2510 891 2553 sit
922 2519 1149 2567 expertus,
1186 2514 1387 2557 Malacae
1418 2512 1491 2557 die
1522 2514 1657 2555 Festo
1690 2511 1898 2568 Corporis

281 2584 447 2627 Christi
470 2585 605 2627 Anno
628 2587 950 2649 CIQIOXLIX.

692 2665 938 2720 Majestatis
960 2667 1086 2710 Tuae
1107 2680 1265 2710 servus
1286 2665 1471 2710 inutilis.

1373 2744 1662 2786 Franciscus.
