2018 3510
323 216 392 261 534
819 216 1094 252 MONUMENTA
1121 216 1374 250 XAVERIANA

275 324 425 360 tamen
449 317 573 359 nulla
595 330 740 371 neque
763 317 984 369 barbaria,
1017 330 1163 370 neque
1192 317 1474 360 Daemonum
1498 318 1643 361 rabies
1667 319 1907 374 quicquam

274 408 438 438 nocere
476 393 607 437 nobis
644 394 823 450 poterit,
865 392 949 436 nisi
982 392 1219 448 permissu,
1256 407 1566 450 concessuque
1600 397 1905 451 praepotentis

274 470 376 514 Dei.

367 559 408 601 7.
476 549 629 591 Unum
658 546 841 589 omnino
875 546 1099 598 timemus,
1140 561 1197 589 ne
1234 548 1381 588 Deum
1419 546 1567 602 ipsum
1605 548 1901 601 offendamus,

276 624 407 679 cujus
430 622 723 666 offensionem
747 623 784 665 si
809 622 1114 674 vitaverimus,
1141 624 1415 678 exploratam
1440 624 1495 665 de
1518 624 1683 667 nostris
1700 625 1907 668 hostibus

276 700 509 742 victoriam
534 699 680 751 nobis,
707 698 1016 755 illo-propitio,
1048 699 1326 754 pollicemur.
1362 701 1417 741 Et
1451 700 1660 754 quoniam
1694 703 1820 744 Deus
1852 703 1909 744 ad

278 791 411 819 suum
435 775 702 830 obsequium
725 782 770 819 et
793 782 1080 830 peccatorum
1104 776 1258 831 fugam
1283 775 1390 818 satis
1412 776 1565 818 auxilii
1589 777 1746 819 tribuit
1764 778 1908 820 omni-

278 854 380 905 bus,
408 867 640 909 speramus
666 853 758 895 fore
794 859 843 894 ut
872 867 953 908 pro
988 867 1070 894 sua
1099 852 1380 908 benignitate
1410 853 1539 896 nobis
1568 869 1659 896 non
1695 856 1906 911 deneget.

279 929 462 985 Quippe
498 929 543 971 in
582 943 634 971 eo
658 944 729 973 res
767 928 973 981 vertitur,
1011 936 1160 971 utrum
1196 937 1317 973 recte
1358 937 1552 983 utamur,
1580 947 1637 974 an
1670 932 1909 975 abutamur

279 1006 444 1049 divinis
467 1006 714 1049 beneficiis.
741 1007 898 1060 Itaque
920 1021 1086 1062 magna
1109 1021 1191 1048 nos
1213 1022 1315 1062 spes
1340 1014 1478 1059 tenet,
1506 1008 1734 1052 Ecclesiae
1757 1008 1910 1052 matris

280 1090 479 1135 nostrae,
502 1083 795 1138 ejusdemque
817 1082 987 1126 Christi
1004 1097 1212 1138 sponsae,
1239 1098 1290 1126 ac
1307 1083 1537 1139 speciatim
1556 1091 1736 1127 nostrae
1754 1084 1908 1128 Socie-

282 1159 402 1212 tatis,
423 1160 611 1215 ejusque
630 1159 934 1202 studiosorum
951 1174 1124 1215 preces,
1150 1162 1235 1202 hoc
1260 1161 1390 1204 nobis
1413 1161 1730 1217 impetraturas
1753 1168 1803 1204 ut
1824 1161 1909 1205 Dei

280 1236 514 1280 beneficiis
537 1236 603 1278 uti
626 1251 705 1292 par
728 1243 812 1288 est,
834 1237 890 1278 ad
907 1236 1105 1278 divinam
1123 1237 1311 1293 gloriam
1329 1246 1523 1280 utamur.

371 1314 411 1355 8.
478 1313 593 1355 Illud
615 1327 698 1355 nos
721 1327 997 1368 magnopere
1019 1313 1229 1365 delectat,
1267 1315 1388 1368 quod
1415 1316 1541 1358 Deus
1567 1314 1712 1357 nostri
1740 1313 1912 1357 itineris

283 1389 519 1432 consilium
558 1404 610 1433 ac
642 1389 924 1445 propositum
953 1389 1171 1442 intuetur,
1208 1390 1422 1446 videtque
1454 1391 1565 1433 nihil
1597 1406 1679 1434 nos
1710 1398 1914 1447 spectare

283 1465 420 1517 aliud,
447 1465 533 1508 nisi
558 1473 608 1508 ut
637 1466 812 1509 animae
848 1466 903 1508 ad
934 1466 1020 1509 Dei
1056 1466 1391 1510 similitudinem
1422 1469 1608 1512 effectae
1637 1467 1912 1530 conditorem

283 1550 536 1598 agnoscant
559 1557 708 1595 suum,
734 1542 867 1598 eique
888 1542 1091 1585 divinum
1114 1545 1330 1588 honorem
1353 1545 1615 1600 cultumque
1634 1544 1849 1597 tribuant,
1870 1551 1914 1588 et

282 1618 415 1661 simul
448 1626 495 1660 ut
524 1618 807 1663 Christianae
835 1619 1066 1676 religionis
1095 1621 1208 1664 fines
1237 1622 1372 1677 longe
1401 1622 1581 1676 lateque
1610 1622 1910 1677 proferantur.

282 1695 438 1750 Itaque
460 1710 551 1738 non
574 1695 832 1739 dubitamus
855 1696 963 1752 quin
986 1696 1158 1740 itineris
1180 1705 1459 1752 conatusque
1476 1698 1617 1741 nostri
1638 1704 1829 1741 eventus
1845 1698 1913 1742 fe·—

283 1770 344 1813 lix
366 1772 601 1827 laetusque
623 1771 680 1814 sit
704 1772 899 1816 futurus.
930 1774 1034 1816 Duo
1063 1781 1186 1826 sunt,
1219 1788 1334 1828 quae
1363 1774 1599 1817 maximam
1628 1774 1758 1817 nobis
1787 1789 1911 1830 spem

285 1849 478 1891 afferunt
516 1849 712 1893 Satanae
748 1848 1068 1905 impedimenta
1110 1850 1449 1907 perrumpendi,
1490 1851 1705 1907 praeclari
1741 1851 1914 1894 consilii

285 1924 576 1977 conscientia,
603 1932 648 1969 et
668 1926 950 1981 providentia
971 1926 1138 1979 divina,
1165 1928 1295 1982 cujus
1317 1935 1432 1970 nutu
1454 1943 1545 1970 non
1561 1928 1766 1970 homines
1782 1928 1915 1970 modo

285 2008 524 2056 reguntur,
550 2003 629 2044 sed
651 2002 786 2045 etiam
808 2005 1080 2047 Daemones.
1108 2005 1298 2048 Satanas
1322 2004 1502 2060 quippe,
1529 2004 1614 2047 nisi
1637 2006 1754 2048 facta
1771 2019 1797 2047 a
1817 2006 1916 2048 Deo

1969 297 1972 324 ,.
1967 0 2018 276 ,μή

286 2084 525 2132 potestate,
550 2079 667 2136 Jobo
696 2078 937 2135 quicquam
968 2080 1223 2123 detrimenti
1255 2080 1421 2125 inferre
1451 2095 1542 2123 non
1573 2081 1735 2137 potuit.
1772 2080 1917 2125 Video
1980 2105 1981 2109 =
2007 2093 2018 2109 ·‘

288 2160 439 2197 autem
462 2154 593 2197 nobis
615 2170 706 2199 non
729 2156 874 2199 solum
896 2156 1074 2201 labores
1095 2156 1311 2212 plurimos
1334 2171 1385 2200 ac
1411 2157 1643 2210 maximos,
1674 2158 1754 2201 sed
1782 2156 1914 2200 etiam

287 2229 523 2285 perspicua
544 2231 701 2275 mortis
722 2232 921 2289 pericula
942 2233 988 2275 in
1010 2232 1107 2288 ipso
1129 2232 1289 2277 itinere
1308 2231 1561 2277 Subeunda.

378 2321 419 2362 9.
478 2307 747 2364 Japonicum
776 2309 861 2353 iter
888 2324 997 2353 sane
1025 2309 1327 2366 periculosum
1358 2318 1426 2355 est
1462 2317 1557 2353 tum
1586 2311 1643 2353 ob
1670 2310 1912 2367 piratarum

290 2395 342 2424 ac
364 2382 554 2437 syrtium
577 2385 926 2439 multitudinem,
953 2393 1049 2429 tum
1071 2401 1179 2430 vero
1201 2388 1259 2429 ob
1288 2386 1646 2443 magnitudinem
1671 2393 1913 2444 tempesta-

291 2464 402 2510 tum,
429 2473 545 2513 quae
568 2467 657 2503 tam
679 2469 855 2507 atroces
875 2462 1092 2515 existunt,
1117 2470 1167 2506 ut
1190 2464 1417 2520 praeclare
1439 2470 1602 2520 agatur
1622 2478 1725 2507 cum
1753 2463 1807 2507 iis
1838 2463 1916 2518 qui

283 2534 520 2591 Japoniam
543 2544 718 2591 petunt,
743 2538 781 2581 si
804 2539 934 2582 tertia
957 2554 1164 2595 quaeque
1185 2541 1420 2583 dumtaxat
1447 2540 1574 2583 navis
1608 2540 1812 2584 intereat.
1845 2541 1915 2583 Ac

290 2610 399 2653 mihi
421 2611 601 2666 quidem
624 2629 758 2670 saepe
781 2616 905 2658 venit
926 2616 969 2658 in
995 2624 1191 2660 mentem
1220 2617 1364 2662 vereri
1392 2633 1450 2662 ne
1477 2625 1656 2661 nostrae
1678 2617 1918 2662 Societatis

290 2687 496 2731 homines
517 2689 722 2733 doctrina
744 2692 927 2745 exculti,
954 2693 990 2735 si
1013 2693 1058 2736 in
1075 2695 1186 2738 haec
1204 2695 1304 2737 loca
1320 2694 1542 2747 venerint,
1568 2695 1752 2750 plenum
1775 2701 1915 2738 teme-

218 2748 230 2761 ”
291 2762 436 2807 ritatis
458 2765 692 2821 negotium
715 2774 891 2822 putent,
917 2770 1037 2825 quod
1058 2770 1266 2814 videatur
1288 2771 1451 2814 tentari
1471 2773 1614 2823 Deus,
1640 2777 1730 2814 tam
1752 2769 1918 2827 apertis

289 2839 501 2896 periculis
523 2842 757 2897 adeundis,
778 2843 943 2898 quibus
961 2851 1030 2888 tot
1046 2846 1290 2902 depereant
1306 2858 1458 2891 naves.
1479 2849 1650 2891 Verum
1669 2854 1719 2890 ut
1735 2862 1807 2891 me
1823 2847 1915 2889 col-

287 2916 396 2973 legi,
422 2917 567 2961 vereri
596 2918 768 2971 desino,
801 2919 965 2976 quippe
993 2935 1096 2963 cum
1126 2923 1365 2967 Societatis
1393 2931 1576 2967 nostrae
1602 2923 1742 2967 literis
1762 2922 1914 2967 litera-—

291 2992 439 3050 tisque
470 2994 797 3040 inhabitantem
829 2997 1011 3040 Domini
1039 2998 1243 3053 spiritum
1277 3001 1612 3044 moderaturum
1644 3014 1743 3043 esse
1771 2998 1909 3042 confi-
