2049 3360
369 171 437 208 704
856 160 1129 198 MONUMENTA
1156 160 1408 200 XAvmuANA

319 263 498 321 poterit,
525 263 669 308 eidem
692 262 861 318 aliquid
878 262 1066 306 subsidii
1090 278 1168 319 per
1192 263 1376 308 Socium
1400 265 1567 309 mittes.
1593 263 1775 322 Quippe
1798 263 1883 309 illis
1905 263 1949 310 in

317 341 428 385 locis
449 348 630 397 propter
652 339 801 396 gentis
825 339 1107 392 tenuitatem,
1134 341 1326 386 maxima
1344 357 1491 386 rerum
1514 342 1714 385 omnium
1746 343 1950 387 laborant

318 417 482 475 inopia.
507 417 697 473 Utrique
720 425 869 461 autem
899 432 1053 462 eorum
1087 419 1276 462 alterum
1310 435 1365 464 ex
1398 419 1536 463 sacris
1569 420 1800 473 calicibus,
1835 434 1948 476 quos

319 495 398 538 tibi
421 494 614 550 reliquos
638 494 739 548 feci,
764 495 1081 551 perferendum
1110 496 1304 540 curabis.
1339 498 1500 553 Neque
1531 496 1651 541 enirn
1679 496 1741 540 illi
1778 498 1946 541 habent
2003 501 2010 557 J

319 573 421 629 plus
445 587 549 617 uno.
1999 623 2001 627 ¹

408 663 447 693 2.
515 650 679 693 Mando
702 648 781 692 tibi
805 649 934 705 plane
960 656 1008 692 ut
1030 648 1160 693 istius
1183 650 1375 707 Collegii
1398 665 1474 694 aes
1503 650 1699 696 alienum
1729 651 1947 696 dissolvas
1985 651 1999 679 ἕ

317 727 662 784 quamprimum,
688 741 790 770 nam
813 741 945 769 suum
969 725 1133 782 cuique
1156 728 1505 783 persolvendum
1529 734 1611 773 est.
1635 729 1772 784 Quod
1795 727 1841 771 in
1862 729 1948 773 hoc
2024 782 2026 791 γ

319 818 487 862 genere
514 803 732 855 effeceris,
767 803 901 848 facies
932 810 982 846 ut
1012 803 1165 847 sciam.
1208 805 1254 847 In
1294 804 1531 862 exigendis
1567 812 1718 850 autem
1757 804 1949 862 Collegii

319 881 616 939 vectigalibus
638 880 728 924 noli
751 895 851 925 esse
875 880 1098 925 remissior
1136 896 1270 937 quam
1293 896 1373 938 par
1401 889 1486 926 est.
1521 882 1640 926 Hinc
1672 881 1792 926 enim
1821 882 1872 925 fit
1899 888 1949 926 ut
1976 879 2019 927 ζ,

318 958 467 1016 inopia
488 965 749 1016 premantur
771 959 998 1011 absentes,
1024 965 1069 1002 et
1092 958 1348 1003 Christiana
1380 959 1526 1003 officia
1553 960 1776 1016 permulta
1807 958 1946 1016 impe-
1978 986 1983 1010 5

317 1036 515 1089 diantur,
540 1045 616 1079 aut
639 1043 763 1080 certe
788 1036 1086 1079 retardentur.

408 1127 448 1169 3.
515 1115 680 1158 Iterum
704 1113 868 1156 mando
892 1111 970 1155 tibi
994 1127 1050 1156 ne
1079 1127 1348 1168 quemquam
1378 1112 1463 1157 nisi
1496 1113 1724 1166 idoneum,
1755 1121 1800 1156 et
1827 1111 1946 1157 domi
1969 1102 2018 1168 ''³3-

319 1191 514 1247 forisque
538 1190 691 1234 utilem
720 1189 948 1233 adscribas
979 1188 1023 1232 in
1062 1189 1350 1234 Societatem.
1395 1189 1589 1235 Proinde
1621 1189 1697 1246 qui
1727 1189 1816 1247 apti
1856 1204 1967 1236 non
1988 1175 2017 1245 T,

317 1276 438 1322 sunt,
463 1268 533 1311 his
555 1281 665 1311 cave
688 1267 960 1312 Societatem
989 1280 1164 1310 oneres.
1198 1267 1417 1312 Coeteros
1446 1268 1516 1310 fac
1543 1267 1785 1324 diligenter
1812 1281 1946 1311 exco-
1995 1268 2005 1322 ζ

315 1346 396 1399 las;
428 1345 619 1389 maxime
648 1359 755 1388 vero
789 1359 884 1396 eos,
915 1343 991 1400 qui
1021 1344 1219 1388 externis
1247 1344 1442 1402 negotiis
1472 1343 1772 1401 implicantur,
1808 1343 1946 1389 veluti

317 1424 626 1475 obsonatoreS,
659 1429 704 1466 et
732 1421 842 1465 alios
871 1420 1107 1478 ejusmodi.
1151 1421 1343 1465 Curabis
1377 1421 1516 1479 igitur
1554 1428 1604 1465 ut
1626 1421 1723 1465 sine
1759 1405 1960 1479 alicujus·
1995 1418 2002 1422 ’

316 1500 564 1545 offensione
583 1499 753 1552 vivant,
778 1506 824 1543 et
847 1513 917 1543 res
940 1498 1024 1542 sibi
1048 1498 1242 1543 creditas
1266 1499 1458 1544 fideliter
1482 1506 1691 1543 tractent.

406 1591 447 1632 4.
513 1577 561 1622 Si
585 1592 697 1633 quos
714 1576 1047 1633 arrogantiores
1063 1590 1162 1621 esse
1180 1576 1564 1630 animadverteris,
1585 1578 1667 1620 hos
1685 1591 1793 1620 vero
1815 1576 1954 1621 exer-v

317 1654 440 1699 cebis
468 1654 513 1696 in
541 1653 787 1697 humilibus
816 1653 974 1696 officiis
1011 1660 1057 1697 et
1094 1653 1296 1710 abjectis:
1337 1669 1388 1698 ac
1417 1655 1576 1710 pedem
1605 1655 1764 1698 efferre
1792 1654 1963 1708 domo,

315 1732 466 1788 quoad
488 1732 526 1787 ej
537 1745 586 1774 us
608 1730 704 1775 fieri
727 1730 905 1787 poterit,
932 1731 1121 1775 vetabis.
1150 1730 1399 1787 Praecipue
1422 1745 1531 1774 vero
1552 1730 1766 1788 appositis
1804 1728 1944 1775 rnedi-

318 1808 562 1852 tationibus
585 1809 640 1852 ad
663 1807 964 1851 Christianam
989 1807 1222 1852 revocabis
1244 1808 1559 1853 humilitatem:
1595 1807 1631 1851 si
1661 1824 1718 1853 ne
1749 1807 1813 1851 sic
1845 1799 1947 1864 qui-s

316 1887 417 1929 dem
460 1886 517 1930 ad
560 1885 796 1929 sanitatem
834 1885 1037 1940 redeant,
1077 1884 1347 1930 Societatem
1389 1884 1534 1929 inutili
1581 1899 1717 1929 onere
1757 1883 1927 1930 levabis

319 1965 523 2007 Praestat
545 1962 663 2007 enim
689 1975 856 2018 paucos
878 1976 978 2006 esse
1001 1961 1174 2014 Socios,
1200 1976 1252 2005 ac
1277 1961 1413 2019 frugi,
1441 1977 1574 2018 quam
1599 1962 1765 2005 multos
1793 1967 1838 2006 et
1865 1975 1922 2008 ne.

317 2055 467 2097 quam.
494 2040 720 2084 Absentes
737 2053 894 2083 omnes
915 2038 1072 2084 Socios
1093 2039 1150 2082 de
1172 2039 1412 2083 concordia
1433 2053 1538 2082 cum
1557 2038 1782 2092 omnibus,
1803 2036 1939 2082 maxi

319 2131 390 2161 me
412 2132 518 2161 vero
539 2131 642 2160 curn
666 2115 873 2173 Episcopi
897 2115 1103 2169 Vicariis,
1128 2122 1174 2159 et
1200 2115 1444 2160 Praefectis
1467 2115 1732 2173 oppidorum
1760 2115 1938 2160 tuenda

321 2209 398 2251 per
419 2193 571 2238 literas
592 2192 836 2237 identidem
859 2192 1182 2236 commonebis.
1210 2194 1577 2249 Praeceptorum,
1603 2206 1719 2248 quae
1742 2191 1822 2235 tibi
1842 2189 1921 2238 reli

323 2270 415 2326 qui,
441 2270 504 2315 eis
526 2270 730 2326 exempla
750 2268 916 2323 mittes;
942 2276 1077 2325 atque
1098 2268 1208 2312 illud
1231 2269 1541 2323 denunciabis,
1573 2268 1609 2313 si
1638 2268 1715 2325 qui
1742 2269 1924 2314 moder

324 2347 496 2391 toribus
517 2346 611 2391 suis
638 2346 786 2391 minus
817 2346 938 2390 dicto
965 2346 1200 2390 audientes
1222 2346 1403 2401 fuerint,
1428 2346 1572 2391 serius
1593 2354 1671 2390 aut
1699 2345 1831 2390 citius
1859 2359 1918 2390 no

324 2431 414 2468 stra
437 2424 661 2469 Societate
683 2423 916 2467 carituros.
938 2424 1077 2479 quue
1098 2422 1185 2466 illis
1206 2431 1358 2480 aperte
1379 2437 1433 2467 ac
1455 2423 1638 2468 totidem
1657 2423 1822 2477 verbis,
1844 2437 1874 2480 q
1919 2427 1922 2430 ’

323 2501 409 2545 bus
430 2515 517 2558 ego
539 2515 648 2544 usus
670 2515 786 2553 sum,
818 2499 1128 2553 denunciabis‚
1160 2507 1210 2542 ut
1239 2499 1398 2545 melius
1419 2501 1606 2557 posthac
1642 2499 1736 2544 suis
1757 2499 1887 2557 quisq

325 2576 573 2620 rationibus
595 2577 814 2621 consulat.
841 2576 1088 2620 Bazainum
1111 2577 1167 2620 ad
1191 2578 1242 2620 P.
1269 2576 1558 2622 Melchiorem
1576 2577 1760 2631 scribes,
1785 2584 1836 2620 ut
1856 2576 1917 2620 T

326 2668 474 2698 xerarn
499 2653 679 2698 Socium
703 2660 837 2709 atque
859 2654 1109 2710 adjutorem
1133 2654 1298 2698 habeat
1315 2641 1441 2710 apud*
1458 2667 1520 2697 se.
1547 2654 1674 2697 Deus
1701 2652 1810 2697 mihi
1843 2651 1897 2696 ti·

324 2743 412 2786 que
454 2729 734 2774 ac'coeteris
771 2730 1054 2774 sanctitatem
1093 2729 1331 2787 impertiat.
1380 2730 1542 2774 Amen.
1598 2730 1715 2774 VIII
1748 2730 1824 2777 Ka
1848 2749 1865 2766 ’κ

326 2806 518 2862 Aprilis.
544 2805 608 2848 M.
635 2807 696 2848 D.
726 2806 831 2849 LII.
855 2806 1032 2849 Cocino.

857 2882 1208 2942 [FRAnctscus.]
