2049 3360
573 149 709 183 EmsT.
742 156 897 193 110.—-7
926 148 1093 184 Apmms
1125 157 1213 194 1552
1593 149 1661 195 723

169 250 425 305 Inscriptio.
475 249 747 316 Regimento
790 251 846 293 do
892 252 944 294 Β.
999 252 1077 293 Ρ.Θ
1119 253 1181 295 M.
1234 252 1269 294 F
1272 250 1474 294 rancisco
1524 266 1630 308 pera
1680 267 1706 294 0

82 329 162 371 P.e
191 330 250 371 M.
278 329 469 384 Gaspar,
494 328 610 370 dado
633 342 658 370 a
680 328 707 370 6
728 328 784 372 de
807 328 936 372 Abril
957 328 1013 372 de
1043 339 1167 383 1552.

168 406 337 448 Eadem
361 419 518 447 manu.
546 404 710 448 Tirado
731 406 789 447 do
811 420 934 461 prop.
962 405 1167 462 original.

833 606 939 646 'no

273 699 325 740 Ρ.
361 697 575 741 SIMONI
608 696 978 749 RODRIGUES‚
1016 697 1076 740 IN
1116 698 1497 742 LUSITANIAM
1552 733 1555 736 .

595 792 694 834 Goa
729 803 752 844 7
787 791 954 847 Aprilis
1000 802 1106 846 1552
1145 794 1171 835 ¹.

74 889 131 924 De
150 888 284 923 suain
309 887 472 922 Sinense
498 886 715 933 imperium
740 889 775 921 et
801 887 978 921 aliorum
1006 888 1049 922 in
1059 887 1283 934 saponiam
1309 887 1697 935 profectione.—Se,

135 950 225 995 post
242 948 459 982 adventum
478 958 496 982 e
511 946 707 993 saponia,
733 947 922 993 quosdam
942 958 960 981 e
987 946 1179 982 Societate
1199 947 1367 993 ejecisse,
1388 947 1490 982 alios
1508 958 1526 982 e
1545 949 1699 982 contra-

142 1008 204 1043 rio
238 1007 405 1054 optimos
439 1006 644 1053 operarios
684 1006 898 1041 invenisse.
918 1026 962 1031 —
977 1006 1031 1041 P.
1072 1007 1314 1048 Barzaeum,
1356 1018 1503 1042 novum
1538 1006 1699 1053 collegii

146 1066 280 1103 Goani
297 1066 516 1107 Rectorem,
532 1065 649 1101 valde
668 1065 1073 1101 laudat—Fratrem
1099 1066 1269 1100 Romam
1296 1066 1416 1107 mitti,
1437 1069 1481 1100 *ut
1500 1066 1555 1100 ibi
1572 1066 1701 1100 orien-

142 1127 288 1162 talium
307 1127 519 1174 regionum
537 1128 686 1160 statum
706 1125 849 1160 melius
863 1128 1112 1173 perspectum
1131 1126 1359 1160 lzabeant.-
1366 1126 1430 1171 Qu
1438 1126 1521 1160 ibus
1539 1125 1700 1161 virtuti-

142 1187 211 1222 bus
228 1187 364 1222 ornati
381 1197 458 1222 esse
489 1186 652 1221 debeant
677 1185 818 1220 Indiae
837 1188 873 1220 et
888 1185 1090 1232 Japoniae
1116 1186 1314 1231 operarii.
1327 1186 1536 1220 -Attenta
1558 1187 1699 1231 tempe·

138 1247 252 1282 statis
263 1246 433 1282 saevitia
443 1246 485 1280 in
490 1245 687 1292 Japonia,
698 1244 832 1292 belgae
846 1248 881 1280 et
886 1246 1275 1292 germanividentur
1289 1246 1342 1280 ad
1354 1246 1455 1280 lianc
1469 1245 1695 1280 missionem

133 1305 412 1354 praeferendi.
434 1325 477 1331 —
501 1306 640 1340 Videat
670 1307 806 1340 utrum
838 1308 1017 1352 oporteat
1047 1305 1255 1351 Ignatium
1286 1318 1311 1339 a
1338 1317 1430 1352 rege
1460 1304 1695 1340 Lusitaniae

135 1366 345 1402 stimulari
363 1368 406 1400 ut
423 1365 587 1400 delectos
599 1365 733 1406 socios,
750 1376 844 1410 quos
861 1364 966 1400 inter
989 1363 1122 1400 Goani
1139 1364 1299 1411 collegii
1315 1367 1520 1405 rectorem,
1536 1364 1690 1399 mittat.

137 1427 270 1472 —Qai
282 1426 326 1461 in
341 1425 461 1461 India
479 1425 768 1469 admittuntur,
793 1436 869 1459 non
890 1425 971 1459 nisi
994 1425 1047 1459 ad
1072 1436 1134 1459 res
1159 1436 1396 1465 communes,
1419 1426 1455 1459 et
1465 1423 1692 1470 generatim

134 1487 246 1522 intra
259 1485 488 1521 domesticos
496 1485 673 1532 parietes
686 1485 935 1526 exercendas,
951 1484 1349 1520 deserviunt-Eum
1365 1484 1499 1519 videre
1520 1485 1692 1529 exoptat,

130 1546 370 1594 praesertim
401 1546 507 1580 inter
528 1544 761 1580 sinas—Ab
783 1545 867 1591 ipso
892 1547 928 1579 et
955 1557 980 1579 a
1005 1542 1336 1579 Conimbricensis
1360 1543 1519 1590 collegii
1545 1545 1692 1577 rectore

135 1606 209 1641 sibi
225 1605 460 1641 minutatim
479 1604 597 1640 scribi
620 1606 723 1639 orat.

865 1681 886 1714 ἢ,

809 1719 939 1775 Jhus.

154 1805 195 1848 A
218 1818 355 1861 graea
376 1818 401 1848 e
424 1817 547 1847 amor
569 1802 626 1847 de
648 1801 829 1846 Christo
852 1816 963 1845 noso
985 1802 1162 1846 Senhor
1183 1816 1290 1857 seya
1308 1815 1482 1857 sempre
1500 1814 1555 1844 en
1579 1814 1687 1842 nosa

65 1882 209 1939 ayuda
231 1897 256 1925 e
280 1881 421 1924 fauor.
449 1881 612 1925 Amen.

152 1958 402 2003 Charisimo
420 1959 588 2001 Yrmao
610 1971 730 2009 meu,
757 1958 923 2001 Mestre
946 1955 1113 2000 Simao.

156 2049 191 2080 1.
258 2037 364 2080 Este
393 2050 480 2078 ano
509 2036 566 2078 de
599 2044 651 2090 52
683 2032 844 2090 chegei
869 2034 925 2078 de
953 2034 1107 2090 Yapao
1131 2036 1156 2075 a
1180 2033 1318 2085 India,
1351 2049 1376 2077 6
1403 2034 1459 2077 (16
1496 2032 1683 2075 Cochim

64 2128 144 2158 uos
165 2112 338 2159 escreui
362 2112 503 2156 muito
531 2113 660 2169 largo
683 2112 741 2154 do
778 2125 937 2166 sueeso
965 2110 1021 2154 (16
1049 2111 1218 2166 Υεῑρέιο.
1253 2111 1441 2166 Aguora
1470 2124 1553 2153 uos
1582 2110 1682 2164 faeo

62 2192 190 2237 saber
211 2206 342 2235 como
364 2189 516 2247 d’aqui
540 2205 565 2233 a
587 2189 678 2232 oito
700 2188 795 2232 dias
817 2203 888 2232 me
910 2194 1035 2244 parto
1057 2201 1163 2243 pera
1179 2202 1205 2230 a
1223 2187 1383 2230 China.
1406 2189 1572 2231 Vamos
1592 2193 1682 2231 tres

63 2268 417 2325 eompanheiros‚
456 2268 571 2311 dous
609 2268 778 2311 Padres
815 2281 840 2309 6
877 2267 984 2307 hum
1023 2264 1189 2321 leiguo:
1225 2266 1238 2285 ²
1269 2279 1397 2320 ymos
1434 2279 1519 2308 con
1542 2264 1683 2307 muita

130 2380 140 2402 '
191 2383 249 2417 Ex
272 2383 496 2428 archetypo,
516 2380 555 2416 in
578 2381 664 2416 cod.
691 2380 806 2414 Rom.
832 2381 1010 2425 autogr.²
1039 2389 1080 2412 n.
1110 2377 1192 2423 CC,
1216 2377 1430 2424 antiquitus
1450 2377 1490 2412 ff.
1515 2385 1682 2421 172-174.

38 2431 215 2481 ’Habent
237 2441 455 2488 apographa
484 2439 652 2476 lusitano
682 2449 860 2474 sermone
886 2438 969 2473 cod.
1008 2437 1178 2484 Ulyssip.
1204 2440 1364 2484 apogr„
1392 2442 1419 2472 t.
1446 2446 1473 2483 1,
1498 2436 1564 2472 fol.
1601 2435 1680 2471 163:

57 2501 142 2537 cod.
167 2501 287 2537 Ebor.
312 2504 472 2549 apogr„
493 2505 521 2535 t.
548 2508 575 2545 1,
596 2499 638 2533 ff.
670 2506 917 2543 211v-—214rt
939 2498 1021 2532 cod.
1056 2495 1234 2532 Conimb.
1262 2499 1421 2545 apogr„
1442 2501 1470 2531 t.
1489 2505 1517 2542 1,
1537 2496 1576 2530 ff,
1598 2505 1682 2541 229-

55 2558 158 2595 321r.
181 2561 226 2595 In
248 2561 331 2596 cod.
363 2559 532 2606 Ulyssip.
554 2561 713 2606 apogr„
732 2562 761 2592 t.
779 2567 806 2603 1,
826 2558 898 2592 sub
916 2556 1048 2601 finem,
1069 2561 1177 2591 extat
1194 2556 1396 2602 hispanum
1417 2556 1678 2603 apographum

54 2618 148 2655 adeo
165 2631 376 2665 corrosum,
391 2625 433 2654 ut
447 2617 599 2654 nonnisi
618 2617 775 2652 minima
790 2628 877 2663 pars
892 2615 970 2661 legi
985 2615 1273 2662 possit.—Vide
1287 2616 1512 2659 TURSELL.,
1528 2615 1595 2650 lib.
1610 2616 1678 2660 IV,

55 2689 118 2725 ep.
141 2677 236 2724 9(13
255 2677 417 2726 April.):
437 2677 624 2722 CUTILL.‚
649 2688 749 2712 anno
778 2684 881 2722 1552,
903 2687 968 2722 ep.
998 2685 1020 2720 9
1038 2676 1100 2718 (10
1115 2675 1270 2722 April.):
1292 2675 1487 2719 MENCH.,
1519 2673 1586 2710 lib.
1607 2674 1677 2719 IV,

56 2748 115 2784 ep.
137 2738 192 2774 16.

8 2803 12 2807 '
123 2798 137 2819 ²
186 2797 232 2832 In
261 2808 323 2843 ep.
358 2796 438 2842 113,
462 2796 510 2831 ad
533 2807 667 2841 regem
693 2794 916 2830 Lusitaniae
935 2795 1067 2839 missa,
1089 2794 1143 2829 ait
1168 2806 1209 2828 se
1238 2793 1349 2829 brevi
1385 2793 1423 2828 in
1449 2792 1562 2827 Sinas
1595 2802 1678 2838 pro-

61 2853 246 2891 fecturum
264 2867 351 2891 cum
382 2866 458 2891 uno
488 2856 622 2891 Fratre
653 2853 861 2890 Societatis
892 2860 931 2890 et
960 2865 1029 2890 suo
1059 2853 1183 2888 amico
1214 2852 1362 2888 Didaco
1393 2851 1562 2887 Pereira.
1589 2851 1679 2886 Mox

60 2912 323 2950 difficultatem
354 2916 526 2950 Malacae
558 2918 731 2949 exortam
762 2912 997 2959 videbimus,
1029 2917 1069 2948 et
1101 2911 1292 2959 quomodo
1326 2923 1443 2946 unum
1475 2916 1624 2946 tantum
1658 2924 1678 2944 c

61 2971 253 3010 Societate
271 2974 453 3011 comitem
472 2973 621 3010 itineris
639 2973 788 3020 habuit,
808 2984 946 3020 nempe
967 2972 1152 3008 Alvarum
1172 2969 1359 3007 Ferreira.
