2018 3510
288 242 359 285 464
791 240 1064 276 MONUMENTA
1091 239 1344 275 XAVERIANA

335 353 370 384 Ι.
436 342 563 385 Deus
601 355 736 384 nosso
765 342 940 385 Senhor
972 339 1079 382 sabe
1116 347 1300 394 quamto
1344 354 1402 383 eu
1440 340 1553 383 mais
1577 341 1779 396 ,ffolgara
1816 343 1872 388 de

240 432 321 461 vos
347 432 426 461 ver
455 431 543 473 que
575 431 802 470 escreuer,
835 431 859 459 e
887 417 943 459 de
971 430 1041 458 me
1071 416 1294 459 consollar
1323 431 1422 459 com
1445 431 1604 460 vossos
1626 416 1866 473 trabalhos,

240 560 426 604 MENCH.,
445 559 514 595 lib.
535 559 586 605 II,
603 571 668 606 ep.
693 568 751 603 24.
769 556 985 593 Macaensis
1011 556 1156 591 codicis
1188 559 1451 604 apographum
1481 559 1717 604 completum
1736 564 1808 593 est:
1829 559 1868 595 in

238 619 397 665 reliquis
416 630 525 663 vero,
545 630 644 665 quae
672 618 854 662 vidimus,
886 628 1063 664 quaeque
1089 616 1129 651 in
1148 618 1275 651 lucem
1306 622 1397 652 sunt
1416 617 1535 663 edita,
1561 617 1689 664 aliqua
1718 617 1868 654 deside-

238 684 383 713 rantur:
406 678 508 713 unde
528 678 680 723 integra
699 677 862 723 epistola
884 688 976 711 vere
994 675 1151 722 quidem
1171 676 1317 710 inedita
1332 682 1392 711 est
1411 676 1609 711 habenda.

309 738 396 772 Non
413 749 531 784 parva
546 743 606 772 est
630 736 836 771 difficultas
856 735 895 770 in
919 734 1164 780 assignandis
1194 735 1284 769 huic
1300 741 1339 770 et
1367 736 1547 782 sequenti
1579 735 1766 782 epistolae
1785 737 1869 771 loco

237 803 276 832 et
290 802 480 843 tempore,
499 809 574 843 quo
594 796 759 842 scriptae
778 795 950 840 fuerunt,
970 794 1137 829 maxime
1151 806 1239 829 cum
1266 800 1428 841 utraque
1453 795 1503 830 sit
1528 795 1741 841 originalis,
1766 795 1870 831 ideo-

235 869 310 903 que
325 856 470 891 librarii
489 856 608 891 errori
639 867 715 890 non
741 854 893 901 possint
913 854 1045 899 tribui,
1078 860 1310 900 apparentes
1330 856 1483 898 saltem,
1515 854 1863 890 contradictiones.

236 915 428 962 Imprimis
447 915 737 959 ORLANDlNUS,
758 915 912 948 Hister.
935 914 979 948 S.
995 912 1057 959 ].,
1081 913 1124 948 P.
1152 913 1183 956 I,
1204 913 1276 948 lib.
1309 914 1417 959 VIII,
1443 926 1484 949 n.
1523 922 1604 958 127,
1636 914 1776 948 asserit
1794 914 1870 949 Xa-

235 976 384 1010 verium
403 975 465 1009 die
484 984 528 1008 22
548 973 731 1010 Octobris
754 972 843 1017 1548
859 972 983 1008 Goam
1003 971 1243 1018 pervenisse:
1262 972 1394 1018 igitur,
1421 973 1453 1007 si
1479 973 1515 1008 ei
1538 972 1636 1008 fides
1662 974 1867 1016 habeatur,

235 1041 396 1081 utraque
412 1034 576 1080 epistola
594 1033 701 1068 Goae
722 1037 879 1067 exarata
897 1032 984 1075 fuit,
1005 1037 1044 1067 et
1062 1031 1219 1078 quidem
1237 1032 1373 1067 eodem
1392 1032 1469 1076 die,
1489 1043 1565 1079 quo
1575 1032 1869 1068 illchaverius

234 1093 427 1140 pervenit.
465 1092 719 1129 Orlandinum
756 1096 943 1138 sequutus
989 1096 1049 1126 est
1081 1091 1250 1137 SOUZA,
1288 1091 1453 1126 Oriente
1486 1103 1619 1136 conq.,
1656 1090 1707 1125 1.ὃ
1743 1096 1865 1137 part„

232 1165 349 1199 conq.
374 1153 405 1198 Ι,
424 1153 503 1187 div.
525 1153 556 1197 Ι,
576 1164 617 1186 n.
641 1151 699 1196 43:
719 1150 984 1197 «multiplicou
1003 1150 1099 1185 mais
1118 1162 1139 1185 o
1157 1156 1271 1195 gosto
1296 1151 1492 1185 universal
1517 1156 1647 1185 entrar
1671 1161 1694 1184 0
1718 1161 1865 1184 mesmo

233 1212 374 1248 Sancto
392 1224 414 1246 a
431 1221 476 1246 22
495 1212 542 1246 de
573 1210 752 1248 Outubro
779 1211 868 1256 pela'
896 1211 1007 1245 barra
1037 1209 1085 1244 de
1117 1209 1236 1244 Goa».
1267 1210 1458 1255 Quamvis
1478 1209 1621 1245 SOUZA
1640 1210 1754 1255 paulo
1778 1214 1866 1255 post

232 1274 364 1318 (conq.
388 1272 439 1316 ΙΙ,
458 1270 540 1305 div.
566 1271 597 1316 1,
617 1282 654 1304 n.
677 1273 738 1315 49)
763 1268 1025 1314 fragmentum
1042 1280 1102 1315 ep.
1135 1269 1180 1313 67
1209 1269 1411 1313 exscribit,
1433 1274 1472 1303 et
1491 1274 1534 1303 ut
1564 1269 1743 1314 suppleat
1761 1267 1865 1303 defe-

231 1336 336 1365 ctum
355 1329 578 1373 Tursellini,
598 1328 664 1375 qui
678 1341 821 1363 annum
836 1328 1111 1374 praetermisit,
1127 1328 1296 1363 advertit
1312 1340 1396 1362 eam
1412 1328 1599 1363 Punicale
1614 1337 1658 1362 22
1673 1327 1735 1362 die
1750 1325 1867 1364 Octo—

233 1389 312 1424 bris
335 1389 423 1433 1548
440 1388 562 1423 fuisse
578 1388 774 1434 scriptam,
793 1387 887 1434 quin
906 1393 1036 1422 tamen
1055 1387 1369 1422 emendationem
1393 1388 1456 1421 vel
1477 1387 1779 1433 explicationem
1799 1387 1866 1421 ali-

233 1459 348 1495 quam
368 1447 590 1492 subjungat.
612 1447 692 1481 Nos
712 1447 980 1481 existimamus
998 1447 1067 1481 has
1085 1446 1181 1480 duas
1197 1446 1381 1492 epistolas
1400 1444 1551 1491 Cocini‚
1576 1457 1653 1481 non
1677 1455 1769 1480 vero
1794 1445 1866 1480 Pu-

233 1507 357 1542 nicale
376 1512 442 1541 aut
461 1507 568 1541 Goae
588 1506 708 1541 fuisse
724 1511 919 1541 exaratas.
943 1506 1002 1540 En
1020 1506 1135 1551 hujus
1150 1505 1417 1540 affirmationis
1432 1505 1747 1540 fundamentum.

303 1566 343 1601 S.
365 1565 608 1610 Franciscus,
628 1565 694 1611 qui
713 1564 734 1599 3
755 1564 818 1600 die
835 1563 1078 1611 Septembris
1106 1564 1195 1609 1548
1221 1564 1268 1599 ad
1294 1564 1368 1599 iter
1393 1564 1432 1599 in
1463 1563 1773 1599 promontorium
1793 1563 1864 1599 Co-

232 1625 423 1660 morinum
439 1625 751 1668 accinctuserat,
778 1624 886 1659 Goae
906 1628 1167 1659 commoratus
1199 1628 1258 1658 est
1285 1628 1442 1670 propter
1457 1624 1503 1658 P.
1540 1623 1700 1658 Barzaei
1718 1628 1757 1658 et
1775 1621 1865 1658 alio-

229 1697 313 1719 rum
332 1684 524 1719 sociorum
543 1683 755 1718 adventurn
771 1695 791 1718 e
817 1683 1032 1728 Lusitania,
1047 1683 1248 1729 voluitque
1280 1683 1414 1718 audire
1433 1684 1646 1718 Barzaeum
1672 1682 1735 1717 die
1756 1681 1777 1717 8
1796 1682 1863 1717 Se-

229 1744 419 1789 ptembris
434 1743 746 1787 concionantem,
773 1743 982 1789 statimque
1011 1743 1135 1778 Goam
1153 1742 1325 1789 reliquit,
1353 1747 1395 1777 ut
1409 1747 1539 1777 narrat
1568 1742 1651 1788 ipse
1669 1743 1861 1776 Barzaeus

230 1802 269 1837 in
285 1803 448 1849 epistola
467 1802 515 1837 ad
533 1802 660 1837 socios
687 1801 1018 1838 Conimbricensis
1048 1801 1206 1847 collegii
1235 1801 1297 1836 die
1319 1801 1361 1836 13
1391 1801 1622 1837 Decembris
1644 1801 1733 1845 1548
1751 1801 1856 1841 data,

231 1863 343 1897 Nunc
362 1873 455 1896 vero
474 1862 617 1896 Paulus
636 1861 684 1896 do
702 1862 829 1905 Valle,
861 1861 927 1908 qui
954 1873 975 1896 e
1009 1861 1210 1896 Lusitania
1241 1873 1329 1896 cum
1360 1861 1403 1895 P.
1426 1861 1597 1896 Antonio
1621 1860 1766 1896 Gomes
1785 1872 1861 1896 non

230 1933 352 1968 usque
371 1921 418 1956 ad
432 1921 535 1956 diem
551 1932 572 1966 9
591 1920 774 1958 Octobris
794 1921 919 1956 Goam
934 1920 1130 1967 pervenit,
1151 1926 1239 1967 post
1257 1925 1344 1955 octo
1362 1920 1460 1964 dies,
1486 1920 1516 1955 i.
1541 1932 1601 1965 e.,
1621 1919 1684 1955 die
1701 1927 1757 1964 17,
1777 1932 1860 1966 pro-

226 1980 352 2015 fectus
367 1986 427 2015 est
445 1980 485 2015 in
500 1980 811 2015 promontorium
827 1979 1091 2018 Comorinum;
1113 1980 1182 2014 sed
1201 1985 1408 2025 antequam
1424 1979 1516 2014 illuc
1530 1979 1769 2026 perveniret,
1789 1980 1861 2016 Co-

227 2038 304 2073 cini
319 2038 495 2074 substitit
515 2045 554 2073 et
572 2050 660 2073 cum
693 2039 878 2083 Xaverio,
913 2051 1029 2085 quem
1048 2038 1103 2074 ibi
1135 2039 1300 2082 invenit,
1331 2039 1501 2085 quinque
1519 2039 1604 2074 dies
1630 2039 1858 2085 permansit.

226 2098 350 2143 Igitur
369 2099 400 2133 si
418 2098 610 2144 fingamus
630 2099 669 2133 in
694 2098 757 2133 via
783 2099 944 2134 Paulum
971 2111 1041 2134 sex
1056 2100 1119 2134 vel
1145 2105 1232 2134 octo
1254 2099 1338 2133 dies
1362 2099 1647 2145 consumpisse,
1674 2098 1861 2134 Cocinum

227 2157 357 2202 attigit
375 2158 475 2192 inter
493 2157 538 2192 23
557 2163 596 2192 et
615 2166 658 2202 25
676 2157 781 2192 diem
800 2157 1000 2194 Octobris.
1026 2157 1140 2194 Unde
1161 2158 1353 2193 Xaverius
1379 2157 1516 2193 Cocini
1540 2158 1667 2204 potuit
1691 2158 1861 2193 scribere

227 2214 410 2260 epistolas
429 2215 473 2259 67
493 2221 532 2250 et
549 2215 608 2258 68,
629 2215 787 2250 minime
803 2227 897 2250 vero
917 2215 1025 2251 Goae
1041 2227 1169 2262 neque
1188 2215 1387 2250 Punicale.
1405 2217 1516 2250 Duae
1532 2220 1622 2250 sunt
1636 2215 1749 2250 nobis
1763 2215 1861 2251 diffi-

225 2274 390 2308 cultates
419 2274 643 2309 solvendae:
672 2275 809 2320 prima,
834 2285 903 2309 cur
935 2275 1131 2309 szicale
1163 2275 1327 2309 verbum
1348 2274 1386 2309 in
1417 2285 1478 2320 ep.
1511 2273 1556 2318 67
1574 2273 1649 2308 fuit
1673 2274 1858 2320 scriptum

224 2331 279 2374 (in
297 2343 362 2377 ep.
386 2331 431 2366 68
450 2333 524 2367 loci
539 2344 679 2368 nomen
695 2333 1051 2379 praetermittitur).
1069 2333 1235 2368 Videtur
1250 2345 1298 2367 ex
1313 2338 1502 2368 contextu
1517 2332 1721 2379 epistolam
1736 2332 1856 2368 fuisse

224 2390 408 2425 Punicale
428 2397 638 2437 exaratam,
658 2397 697 2426 et
713 2392 812 2427 forte
830 2404 919 2427 cum
938 2392 1042 2427 illam
1060 2404 1137 2427 non
1156 2398 1290 2438 posset
1308 2392 1479 2435 mittere,
1500 2403 1631 2427 secum
1652 2392 1796 2436 attulit,
1816 2397 1856 2427 et

222 2455 418 2495 postrema
437 2452 569 2495 verba,
590 2462 688 2497 quae
708 2456 924 2497 sequuntur
942 2457 1029 2498 post
1044 2453 1127 2486 «De
1147 2451 1371 2496 panicale»,
1398 2451 1537 2487 Cocini
1562 2450 1706 2497 scripta
1728 2450 1852 2495 fuere3

223 2519 320 2554 quae
339 2508 495 2554 quidem
514 2509 683 2555 suspicio
702 2512 819 2545 rabur
838 2510 994 2545 videtur
1024 2510 1201 2557 accipere
1222 2522 1269 2545 ex
1289 2510 1365 2545 illis
1395 2509 1568 2557 quinque
1586 2510 1732 2556 verbis,
1757 2521 1854 2557 quae

221 2568 293 2601 sub
308 2566 424 2601 finem
434 2567 621 2612 epistolae
638 2569 901 2604 inveniuntur:
924 2569 1094 2616 «Depois
1113 2581 1189 2616 que
1205 2569 1355 2604 viemos
1370 2569 1516 2615 della»,
1532 2568 1558 2604 i.
1575 2581 1610 2604 e.
1622 2570 1854 2616 «Postquam

223 2625 329 2660 illinc
348 2625 566 2671 venimus»,
585 2638 683 2672 quae
702 2638 816 2662 secus
835 2628 980 2662 nullam
996 2627 1299 2674 explicationem
1314 2628 1478 2663 habent.

293 2684 428 2718 Altera
463 2683 670 2719 difficultas
708 2685 830 2720 oritur
864 2698 912 2720 ex
944 2684 1296 2733 subscriptionibus
1338 2686 1527 2733 epistolae
1561 2685 1622 2721 68:
1664 2685 1856 2732 quomodo

222 2754 362 2788 nempe
381 2748 490 2777 extra
516 2742 639 2777 Goam
671 2750 881 2789 potuerunt
911 2745 1025 2780 simul
1052 2757 1140 2780 esse
1167 2751 1331 2792 quatuor
1363 2745 1433 2791 illi,
1458 2745 1525 2792 qui
1555 2745 1742 2791 epistolae
1766 2745 1855 2780 sub-

223 2801 432 2848 scripsere.
457 2801 534 2836 Sed
559 2813 646 2846 cum
677 2802 865 2837 Cocinum
885 2804 1006 2849 prima
1023 2809 1111 2850 post
1134 2804 1260 2840 Goam
1278 2809 1384 2839 esset
1407 2804 1681 2839 Lusitanorum
1705 2804 1798 2839 urbs
1816 2802 1855 2837 in

222 2860 346 2905 India,
379 2860 474 2895 nihil
506 2860 644 2894 mirum
675 2861 708 2895 si
738 2861 916 2896 Vicarius
941 2862 1160 2908 generalis,
1185 2869 1223 2898 et
1248 2863 1304 2898 illi
1339 2862 1416 2897 duo
1440 2861 1616 2908 religiosi
1639 2862 1714 2897 viri
1735 2861 1855 2897 maxi-

221 2931 305 2954 mae
320 2918 576 2964 auctoritatis,
596 2930 681 2954 eam
705 2919 938 2954 inviserent.
969 2921 1085 2956 Forte
1115 2922 1188 2956 hoc
1219 2927 1394 2968 tempore
1414 2922 1587 2967 Joannes
1617 2921 1665 2956 de
1692 2920 1780 2956 Vila
1804 2919 1853 2955 de

220 2978 353 3015 Conde
377 2977 513 3013 Cocini
542 2977 726 3024 degebat,
757 2990 846 3013 nam
864 2978 913 3013 de
936 2978 1001 3013 illo
1031 2979 1202 3025 loquitur
1231 2980 1424 3015 Xaverius
1454 2980 1539 3025 regi
1562 2979 1785 3014 Lusitaniae
1810 2978 1850 3014 in

209 3049 281 3083 ep.
301 3045 360 3082 75,
376 3036 521 3072 Cocino
539 3036 669 3079 missa,
691 3037 822 3083 aitque
847 3048 936 3071 eum
956 3036 1115 3083 jamjam
1139 3037 1180 3073 in
1204 3039 1444 3074 Lusitaniam
1463 3038 1727 3085 profecturum
1744 3048 1845 3072 esse.

1998 1479 2003 1573 ἰ

1998 1576 2001 1638 ξ

1996 1641 2001 1824 ἱ
