2049 3360
355 173 424 208 944
847 157 1118 191 MONUMENTA
1146 153 1396 187 XAVERMNA

309 267 398 308 due
420 263 547 315 mesi,
573 278 622 306 se
658 262 700 305 le
732 256 928 316 presenti
966 254 1094 298 ruine
1125 253 1227 297 dell’
1269 252 1394 295 India
1432 258 1709 307 portuguese
1739 263 1829 291 non
1859 261 1931 290 me

311 340 663 397 l'impediscano.
692 336 781 381 Mio
805 332 965 378 Padre!
992 330 1079 374 mai
1102 330 1160 372 mi
1182 330 1343 372 scordo
1367 328 1411 371 di
1435 330 1491 371 V.
1518 329 1572 370 R.
1599 340 1751 368 coram
1774 326 1869 367 Deo
1891 328 1931 366 et

313 432 406 461 meo
428 418 611 460 Sancto:
642 414 836 456 l’istesso
859 409 1037 453 confido
1059 408 1143 451 che
1173 407 1230 450 V.
1263 408 1314 450 R.
1345 420 1424 462 per
1451 419 1533 447 sua
1561 402 1731 459 grande
1759 400 1930 444 charita

312 497 405 538 fara
423 509 500 550 per
518 499 676 547 questo
700 488 941 545 pouerello.
969 486 1043 528 Ah
1066 483 1155 527 mio
1178 482 1338 526 Padre!
1365 479 1604 536 rn’impetri
1627 479 1682 521 da
1712 479 1759 522 S.
1786 478 1927 520 Fran-

314 585 461 622 cesco,
487 571 569 612 che
594 567 698 610 uiua
721 581 745 609 e
767 563 920 606 muoia
942 568 1062 605 sotto
1085 560 1114 602 il
1143 574 1225 603 suo
1254 556 1641 615 particolarissimo
1664 552 1923 611 patrocinio.

402 646 561 690 Faccio
583 641 878 686 humilissima
900 654 924 682 e
947 635 1310 681 affettuosissima
1327 635 1558 678 riuerenza
1576 633 1616 675 al
1634 630 1723 673 mio
1742 632 1793 673 P.
1816 631 1930 672 Pos—

313 725 427 768 sino.

401 801 459 844 Di
481 801 582 843 Goa
605 796 678 840 alli
700 809 727 849 4
749 794 793 838 di
815 794 932 850 obre
956 792 1028 835 del
1053 791 1176 834 1662.

401 876 458 920 Di
480 877 536 919 V.
563 876 615 917 R.
643 873 780 916 molto
805 871 913 913 Rda.
937 866 1232 910 humilissimo
1256 879 1388 910 seruo
1411 864 1455 906 in
1479 865 1616 919 Xpo.,

893 947 1172 988 FRANcEsco
1194 944 1407 987 SAUEmo
1430 942 1692 983 F1L1pnce1.

1111 1097 1140 1155 †

380 1212 744 1249 ADUERTENCIAS
772 1211 892 1241 PERA
917 1208 974 1239 OS
1000 1206 1165 1238 PAPEIS
1189 1207 1250 1236 DE
1274 1205 1313 1236 S.
1342 1203 1602 1235 FRANCISCO
1627 1200 1807 1232 XAUIER
1831 1186 1863 1227 5.

317 1344 484 1386 Nomes
500 1340 580 1382 das
602 1337 751 1380 aldeas
769 1335 825 1377 da
846 1330 1053 1376 Pescaria
1070 1345 1094 1373 e
1118 1331 1394 1381 Trauancor,
1415 1326 1656 1371 nomeadas
1674 1327 1773 1366 n'as
1789 1328 1934 1366 cartas

405 1418 463 1461 do
497 1417 679 1460 Sancto.

318 1494 548 1543 Punicale,
570 1491 854 1538 Tutucurim,
877 1488 1106 1540 Manapar,
1128 1485 1236 1536 Nar,
1258 1482 1407 1534 Liuar,
1429 1479 1665 1530 Alendale,
1680 1477 1934 1521 Combutu—

407 1574 471 1622 re,
498 1570 731 1618 Patanam,
763 1562 1189 1617 Virandapatanam,
1216 1557 1469 1609 Monchuri,
1502 1555 1763 1607 Caeluelho,
1788 1553 1934 1596 Cabe-

405 1649 519 1698 cate,
546 1644 656 1688 Tala
678 1656 735 1685 ou
759 1640 884 1693 Tale,
905 1637 1236 1690 Trinchandi'ir,
1258 1635 1465 1685 Bembar,
1487 1634 1798 1687 Careapatam,
1820 1631 1935 1673 Bea-

405 1723 531 1773 rime,
565 1718 801 1770 Pudicare‚
834 1717 1152 1771 Atapatanam,
1178 1712 1408 1764 Viranam,
1438 1712 1695 1760 Portanam,
1721 1706 1930 1751 Beadala.

317 1792 461 1856 iniqui
484 1799 694 1842 Teuerim
723 1808 782 1837 ou
821 1782 1180 1847 iniquitriuirim‚
1206 1802 1284 1844 rey
1320 1789 1376 1832 de
1414 1788 1688 1835 Trauancor,
1715 1781 1934 1826 charnado

408 1878 504 1931 Rey
539 1873 747 1925 Grande,
780 1885 805 1914 e
834 1869 1009 1914 Senhor
1037 1868 1094 1911 de
1130 1864 1328 1909 dominio
1365 1864 1454 1907 alto
1492 1863 1574 1905 dos
1613 1860 1840 1916 Badegas;
1879 1858 1937 1901 he

407 1967 539 1996 nome
567 1947 759 2006 proprio.

321 2028 619 2079 Beterbemal,
660 2038 793 2068 nome
830 2021 1008 2079 proprio
1045 2021 1102 2064 de
1138 2021 1246 2062 hum
1277 2017 1454 2074 Regulo
1484 2030 1510 2058 o
1539 2014 1744 2071 Capitam
1772 2014 1829 2057 de
1852 2015 1939 2056 Ba-

409 2107 566 2162 dagas.

321 2186 520 2233 Macuas,
546 2187 670 2224 casta
691 2179 747 2222 de
769 2176 1037 2234 pescadores
1059 2175 1136 2217 n’o
1159 2174 1436 2216 Trauancor.

319 2261 502 2310 Careas,
528 2264 651 2300 casta
673 2256 729 2299 de
752 2253 1020 2311 pescadores
1043 2253 1120 2293 n’a
1140 2248 1348 2293 Pescaria
1371 2263 1396 2292 e
1413 2247 1582 2292 Zeilao.

324 2336 452 2387 Pula,
477 2333 684 2390 significa
705 2328 1007 2375 Gouernador
1029 2327 1085 2370 de
1106 2340 1328 2370 comarca.

323 2413 672 2467 Champanotes,
698 2408 912 2450 senhores
938 2405 994 2447 de
1022 2405 1160 2446 huma
1188 2404 1450 2457 champana,
1475 2401 1610 2443 barco
1628 2410 1847 2455 pequeno.

322 2489 542 2538 Canacar,
567 2498 699 2528 nome
722 2484 779 2527 de
801 2495 939 2538 cargo
961 2486 1311 2536 apparteneente
1332 2482 1358 2520 a
1374 2476 1555 2533 justica.

324 2564 515 2620 Adigar,
539 2560 839 2606 Gouernador
861 2558 917 2602 de
940 2565 1096 2601 terras.

325 2639 560 2691 Mudaliar,
584 2653 610 2681 o
635 2651 821 2680 mesmo.

396 2781 410 2800 ³
460 2779 540 2814 Has
558 2778 824 2814 annotationes
843 2788 913 2812 seu
927 2776 1161 2821 catalogum,
1177 2773 1216 2809 in
1234 2784 1352 2820 parva
1370 2782 1528 2820 papyro,
1548 2770 1661 2806 simul
1679 2781 1767 2805 cum
1781 2767 1946 2814 epistola

323 2837 585 2886 praecedenti,
604 2836 710 2872 misit
727 2836 810 2882 ipse
829 2836 877 2870 P.
901 2833 1102 2880 Filipucei:
1124 2838 1166 2868 ut
1184 2834 1286 2868 clare
1310 2836 1482 2879 apparet,
1504 2830 1597 2866 nihil
1615 2828 1719 2864 aliud
1737 2832 1810 2870 est,
1829 2836 1943 2872 quam

325 2897 511 2945 epistolae
529 2907 615 2942 pars
634 2907 703 2930 seu
720 2895 1065 2941 complementum.
1089 2893 1307 2928 Verborum
1325 2891 1455 2938 apices
1475 2901 1546 2925 seu
1565 2893 1762 2931 accentus,
1789 2895 1884 2932 quos
1902 2883 1943 2920 in

325 2957 396 2992 hoc
413 2955 588 3000 catalogo
606 2953 799 3000 ponimus,
817 2957 952 2988 extant
969 2952 1009 2987 in
1027 2951 1278 2998 autographo.
