2049 3360
670 411 1163 468 APPENDICES

851 517 908 556 m.
947 519 986 556 ι.

345 604 395 645 Ρ.
432 604 816 649 FRANCISCUS
849 607 1161 652 XAVERIUS
1189 608 1494 652 FILIPUCCI

696 713 736 741 P.
765 714 919 743 PETRO
944 715 1144 745 POSSINO

632 792 716 828 Goa
741 804 763 838 4
790 794 1023 831 Novembris
1054 797 1142 831 1662
1172 799 1200 831 ¹.

107 874 165 908 De
185 874 227 909 S.
265 873 470 909 Francisci
487 876 676 921 epistoli8‚
697 876 740 910 in
759 877 885 912 lucem
904 890 929 912 a
949 879 995 914 P.
1018 879 1183 914 Possino
1202 880 1331 920 editis,
1352 878 1526 913 maxime
1553 877 1725 925 gaudet.

174 933 417 980 —Triginta
435 937 470 968 et
488 935 661 980 quinque
679 935 854 981 ejusdem
874 937 1044 973 Xaverii
1061 939 1246 984 epistolas
1263 939 1450 980 ineditas,
1470 940 1506 972 et
1517 939 1730 984 praeterea

175 993 305 1027 decem
323 993 467 1028 aliasa
492 993 717 1029 Tursellino
747 997 1016 1042 compendiose
1041 998 1181 1038 editas,
1206 997 1506 1032 accuratissime
1530 1008 1575 1030 ex
1605 995 1731 1043 origi-

178 1051 334 1086 nalibus
352 1053 630 1098 transcriptam,
646 1053 724 1099 ipsi
742 1054 1069 1090 mittit.--Unum
1089 1068 1107 1090 e
1122 1056 1162 1089 X
1162 1056 1367 1090 averianis
1384 1055 1629 1089 documentis
1646 1066 1732 1089 rnu-

176 1111 320 1146 tavisse
348 1112 505 1156 asserit,
530 1113 597 1146 sed
628 1115 786 1147 tantum
805 1115 935 1158 quoad
952 1126 1091 1149 rerum
1110 1116 1290 1150 ordinem
1309 1117 1345 1149 et
1363 1114 1732 1160 dispositionem.—

179 1170 390 1217 Pagorum
408 1173 444 1205 et
462 1171 700 1217 oppidorum
719 1172 899 1215 nomina,
920 1173 962 1207 in
980 1173 1227 1208 Xaverianis
1244 1173 1420 1218 epistolis
1438 1173 1575 1213 citata,
1595 1174 1631 1206 et
1647 1172 1734 1206 alia

177 1230 296 1265 verba
314 1242 339 1264 a
358 1230 547 1265 lusitanis
564 1242 610 1265 ex
624 1231 814 1265 indorum
831 1231 987 1278 linguis
1003 1235 1214 1278 usurpata,
1231 1232 1284 1267 ad
1298 1232 1428 1274 illum,
1448 1232 1491 1266 in
1506 1231 1733 1278 catalogum

176 1290 351 1330 redacta,
371 1290 509 1331 mittit,
530 1301 606 1335 quo
617 1290 792 1336 facilius
811 1291 1099 1338 intelligantur
1117 1291 1355 1326 Xaveriana
1373 1291 1542 1337 scripta.

195 1456 338 1498 Molto
362 1456 476 1499 Rdo.
503 1455 549 1499 in
572 1458 689 1513 Xpo.
719 1457 879 1501 Padre.

196 1534 290 1575 Pax
313 1532 497 1576 Christi.

201 1622 237 1653 Ι.
305 1609 396 1653 Mio
420 1611 565 1653 Padre
588 1610 742 1654 Pietro
767 1610 958 1653 Possini.
987 1612 1042 1654 V.
1071 1612 1124 1654 R.
1150 1610 1210 1652 mi
1227 1612 1283 1653 ha
1307 1611 1517 1653 mandato
1544 1610 1730 1654 mate-ria

106 1686 152 1729 di
173 1686 472 1743 grandissima
494 1686 805 1745 consolatione
826 1701 912 1730 con
934 1688 975 1731 le
997 1688 1155 1731 lettere
1177 1701 1329 1731 nuoue
1346 1687 1391 1729 di
1409 1688 1457 1732 S.
1479 1689 1514 1730 F
1517 1701 1730 1730 rancesco

107 1763 296 1808 Sauerio
319 1770 552 1819 stampate.
576 1765 734 1807 Rendo
756 1779 781 1806 a
805 1765 860 1807 V.
888 1766 942 1807 R.
969 1778 1047 1819 per
1069 1763 1138 1806 cio
1156 1763 1464 1807 cordialissimi
1491 1764 1732 1820 ringratia-

106 1840 260 1884 menti.
287 1841 321 1883 Il
349 1839 547 1897 glorioso
577 1841 797 1896 Apostolo
826 1842 873 1884 S.
908 1842 1160 1884 Francesco
1189 1840 1457 1896 ricompensi
1479 1855 1505 1883 a
1533 1843 1589 1884 V.
1622 1843 1675 1884 R.
1702 1841 1732 1883 il

105 1917 343 1973 trauaglio,
369 1919 454 1961 che
475 1916 513 1959 si
534 1919 589 1959 ha
609 1932 739 1973 preso
762 1916 808 1959 in
822 1918 1028 1961 tradurre
1050 1933 1075 1961 e
1099 1918 1165 1959 far
1182 1924 1408 1973 stampare
1425 1918 1466 1961 16
1483 1932 1564 1961 sue
1581 1932 1732 1961 nuoue

104 1994 276 2045 lettere,
303 2010 328 2038 e
349 1994 391 2036 la
413 1993 560 2050 gratia
582 1995 665 2037 che
688 2008 712 2036 a
736 2009 807 2037 me
828 1995 887 2037 ha
917 1994 1028 2036 fatto
1052 1994 1097 2036 in
1125 1994 1445 2047 mandarmele,
1480 1994 1556 2050 gia
1583 1996 1667 2037 che
1690 1995 1732 2037 io

103 2084 215 2113 sono
238 2077 362 2113 tanto
385 2069 683 2114 insofficiente
711 2085 769 2114 en
797 2070 964 2114 esserle
986 2078 1132 2126 grato.
1165 2070 1228 2113 Mi
1261 2071 1410 2124 creda,
1443 2071 1531 2114 mio
1566 2072 1727 2123 Padre,

104 2148 188 2190 che
210 2148 234 2190 6
255 2146 517 2191 incredibile
539 2147 582 2190 la
603 2146 912 2191 consolatione
933 2148 1018 2191 che
1040 2153 1170 2190 sento
1188 2146 1233 2189 di
1249 2154 1409 2202 questa
1425 2147 1731 2204 publicatione

103 2223 219 2267 delle
241 2239 348 2268 cose
369 2224 441 2266 del
464 2231 617 2266 nostro
640 2224 763 2266 buon
786 2224 943 2267 Santo:
971 2225 1080 2280 ogn'
1105 2223 1229 2279 apice
1252 2224 1369 2268 delle
1391 2239 1472 2268 sue
1496 2225 1648 2280 parole
1671 2225 1730 2267 mi

105 2315 211 2357 pare
234 2316 295 2343 un
320 2308 469 2344 tesoro
492 2299 807 2352 inestimabile,
833 2314 858 2342 6
880 2300 1031 2356 degno
1053 2300 1226 2343 d’esser
1248 2301 1407 2344 mirato
1430 2308 1475 2346 et
1497 2301 1730 2345 ammirato

106 2378 163 2421 da
186 2385 304 2420 tutto
327 2378 356 2420 il
378 2378 559 2420 mondo.
587 2379 643 2420 Et
665 2377 723 2428 io,
745 2392 823 2433 per
845 2378 886 2420 16
903 2376 1160 2432 particolari
1179 2393 1203 2421 e
1220 2378 1359 2420 molto
1376 2378 1538 2434 grandi
1555 2378 1731 2435 obliga-

107 2454 216 2497 tioni
240 2457 324 2497 che
347 2461 484 2511 tengo
507 2454 549 2497 al
577 2453 668 2497 mio
698 2455 856 2508 Santo,
883 2469 908 2498 e
935 2468 1015 2510 per
1044 2454 1230 2497 l’amore
1253 2456 1337 2498 che
1359 2454 1389 2496 li
1412 2462 1557 2510 porto,
1584 2456 1625 2499 al
1641 2455 1732 2498 mio

106 2532 254 2588 palato
291 2532 434 2575 elleno
473 2531 533 2573 mi
560 2530 724 2587 paiono
753 2538 927 2574 nettare
950 2545 975 2573 6
996 2531 1220 2574 ambrosia
1248 2532 1321 2574 del
1350 2532 1573 2587 paradiso,
1605 2533 1734 2578 onde

106 2625 283 2665 sempre
300 2616 370 2652 sto
392 2623 476 2652 con
500 2609 663 2663 quelle,
689 2623 715 2652 e
737 2607 824 2651 mai
848 2608 908 2651 mi
929 2607 1044 2651 satio
1066 2608 1111 2650 di
1135 2609 1354 2665 leggerlc.

170 2754 180 2774 ¹
231 2752 290 2787 Ex
308 2752 563 2798 autographo,
582 2750 686 2798 quod
704 2755 883 2786 servatur
901 2752 1081 2786 avulsum
1100 2750 1201 2785 intra
1219 2751 1306 2786 cod.
1332 2751 1447 2786 Rom.
1465 2755 1608 2799 apogr.
1625 2753 1736 2788 Hanc

98 2811 303 2858 epistolam
321 2810 369 2846 ad
387 2811 639 2846 collectiones
659 2810 910 2857 epistolarum
929 2810 974 2845 S.
999 2809 1197 2845 Francisei
1215 2810 1390 2856 Xaverii,
1410 2822 1431 2845 a
1449 2811 1671 2847 Tursellino
1697 2818 1736 2848 et

99 2870 263 2906 Possino
293 2870 431 2913 editas,
463 2875 570 2905 reete
594 2869 882 2916 dijudicandas,
915 2880 1095 2914 magnam
1126 2869 1265 2904 afferre
1296 2869 1422 2905 lucem
1450 2869 1735 2918 existimamus,

101 2928 268 2977 ideoque
286 2941 371 2966 eam
389 2929 491 2965 inter
510 2928 759 2976 Appendices
777 2929 965 2964 collocare
984 2928 1112 2964 visum
1132 2933 1206 2975 est.
