2049 3360
344 153 413 199 938
836 158 1108 193 MONUMENTA
1134 159 1383 195 XAvEmANA

529 258 598 301 Ne
620 271 692 302 me
715 273 878 303 mueue
900 259 941 302 el
964 258 1152 302 infierno
1176 264 1249 303 tao
1279 262 1445 305 temido

529 336 642 377 Para
667 334 820 377 deixar
842 350 923 391 por
945 350 1046 379 esso
1068 337 1123 379 de
1146 344 1369 391 quererte.
1401 340 1410 358 ¹

586 413 848 455 Mueuesme
867 419 932 464 tu,
957 412 1016 454 mi
1038 412 1164 465 Dios,
1190 417 1427 459 mueueme
1449 416 1491 459 el
1515 423 1640 460 uerte

523 488 725 531 Clauado
747 503 802 531 en
826 502 925 531 essa
942 502 1047 531 cruz
1064 504 1093 544 y
1116 490 1419 546 escarnecido;

524 565 765 608 Mueueme
787 565 828 607 el
851 579 931 607 uer
954 572 1002 608 tu
1024 580 1190 622 cuerpo
1214 573 1302 609 tam
1326 568 1481 612 herido

526 641 799 683 Mueuenme
823 649 896 684 tus
919 643 1120 685 afrontas
1141 658 1170 698 y
1193 650 1242 686 tu
1259 652 1446 688 muerte.

585 718 848 762 Mueuesme
870 719 911 760 al
933 719 1011 770 fin,
1037 718 1096 760 mi
1119 719 1245 772 Dios,
1270 720 1326 764 de
1349 722 1409 763 tal
1426 735 1623 774 manera,

524 794 626 848 Que
649 808 700 848 sy
722 809 783 836 no
807 794 995 838 huuiera
1016 795 1205 839 infierno
1229 803 1273 841 te
1295 797 1502 851 quisiera,

522 871 560 912 Y
584 885 635 925 sy
658 884 716 913 no
739 871 928 913 huuiera
949 871 1078 924 cielo,
1103 887 1160 927 yo
1184 880 1227 917 te
1249 887 1413 918 amara.

578 948 648 989 No
673 947 815 991 tienes
839 962 926 1003 que
949 963 1018 991 me
1041 949 1120 991 dar
1141 963 1311 1005 porque
1335 957 1378 994 te
1400 951 1569 1006 quieta,

520 1025 696 1078 Porque
718 1038 770 1079 sy
795 1031 963 1079 quanto
986 1040 1142 1081 espero
1166 1041 1223 1069 no
1246 1041 1453 1082 esperara

518 1100 582 1143 Lo
605 1114 775 1144 mesmo
798 1115 885 1156 que
908 1109 951 1146 te
973 1102 1129 1157 quiero
1153 1110 1195 1146 te
1218 1102 1426 1158 quisiera.

369 1254 495 1297 Haec
523 1253 763 1307 sufficiant;
795 1269 943 1310 neque
971 1256 1089 1299 enim
1118 1257 1164 1300 in
1198 1257 1294 1300 aliis
1322 1259 1622 1314 producendis
1659 1259 1898 1303 immoran-

278 1330 386 1371 dum
410 1330 539 1374 nobis
561 1339 643 1375 est.
678 1333 890 1387 Hymnus
918 1340 1068 1378 autem
1098 1333 1357 1390 hispanicus
1379 1336 1436 1379 ad
1462 1337 1650 1380 verbum
1680 1335 1900 1380 latinitate

278 1406 470 1450 donatus
492 1415 560 1450 est
582 1422 607 1450 a
631 1409 682 1450 P.
711 1408 876 1452 Nadasi
899 1408 943 1451 in
968 1411 1089 1452 hunc
1112 1412 1309 1454 modum.

628 1527 833 1569 «Amzus:
857 1529 986 1582 1657.
1014 1529 1207 1571 Ioannes
1230 1530 1412 1572 Nddasi
1438 1530 1485 1573 S.
1505 1531 1552 1587 J.

377 1650 411 1680 1.
478 1639 580 1681 Non
603 1653 674 1682 me
696 1646 861 1691 movet,
887 1639 1095 1692 Domine,
1121 1641 1176 1683 ad
1199 1642 1439 1684 amandum
1459 1649 1501 1687 te

483 1715 689 1766 Coelum,
716 1716 836 1770 quod
859 1716 966 1758 mihi
989 1716 1244 1772 promisisti,

481 1792 576 1836 Nec
600 1793 850 1836 horrendus
873 1792 1074 1836 infernus
1096 1802 1246 1838 movet
1268 1810 1354 1848 me,

481 1869 543 1912 Ut
566 1882 655 1911 non
679 1870 902 1911 offendam
927 1877 986 1913 te.

364 1956 404 1987 2.
472 1946 542 1988 Tu
565 1960 636 1988 me
659 1960 813 1990 moves
837 1946 896 1988 rni
919 1948 1059 1990 Deus.
1087 1950 1238 1992 Movet
1261 1964 1347 2001 me,
1374 1950 1494 2005 quod
1516 1949 1692 1995 videam
1718 1958 1760 1994 te

477 2022 612 2065 Cruci
636 2022 775 2066 clavis
797 2011 978 2065 affixum
1001 2031 1046 2068 et
1069 2025 1451 2079 excarnificatum;

477 2099 630 2142 Movet
653 2114 738 2151 me,
766 2101 888 2154 quod
919 2100 1094 2145 videam
1124 2115 1286 2157 corpus
1315 2110 1442 2144 tuum
1474 2109 1563 2146 tam
1589 2104 1891 2157 vulneratum,

478 2175 665 2217 Movent
686 2190 757 2219 me
781 2175 1018 2231 opprobria
1040 2184 1117 2220 tua
1139 2185 1185 2222 et
1208 2192 1326 2221 mors
1349 2186 1439 2222 tua.

363 2263 402 2304 3.
468 2250 675 2307 Denique
699 2259 882 2296 movent
905 2267 975 2297 me
998 2255 1124 2306 haec,
1151 2254 1209 2295 mi
1233 2256 1374 2307 Deus,
1401 2262 1445 2299 et
1468 2254 1529 2298 ita
1551 2263 1748 2307 movent,

475 2328 552 2379 Ut,
574 2327 610 2370 si
633 2342 722 2371 non
746 2335 864 2372 esset
887 2328 1088 2373 infernus
1112 2331 1244 2382 ullus,
1271 2338 1421 2376 tamen
1443 2332 1592 2374 adhuc
1615 2331 1815 2376 timerem
1846 2340 1889 2376 te

473 2404 546 2456 Et,
571 2404 608 2446 si
631 2405 803 2447 nullum
827 2413 947 2450 esset
969 2407 1161 2459 coelum,
1187 2408 1334 2450 adhuc
1355 2422 1550 2452 amarem
1574 2415 1633 2453 te.

355 2492 397 2532 4.
463 2481 566 2523 Non
589 2482 743 2533 habes,
769 2483 890 2536 quod
912 2482 1018 2525 mihi
1040 2483 1135 2536 des,
1159 2497 1240 2540 pro
1263 2498 1352 2539 quo
1376 2491 1419 2528 te
1441 2498 1586 2527 amem

473 2556 593 2611 Quia
616 2558 792 2601 tametsi
815 2573 883 2610 ea,
909 2573 1024 2614 quae
1046 2574 1193 2615 spero,
1220 2574 1311 2603 non
1332 2575 1575 2616 sperarem,

479 2633 656 2687 Aeque,
682 2648 734 2677 ac
757 2648 878 2677 nunc
902 2642 946 2679 te
967 2649 1083 2687 amo,
1110 2644 1154 2680 te
1175 2650 1417 2679 amarem.»
1446 2639 1459 2658 ⁷

335 2833 347 2852 ⁷
400 2831 705 2868 «1n«Pretiosae
730 2833 878 2881 Occup.
904 2835 1166 2871 Morientium.
1186 2836 1233 2872 C.
1264 2845 1323 2881 41.
1343 2848 1381 2871 n.
1415 2845 1470 2871 12.
1495 2841 1653 2872 auctore
1676 2837 1713 2882 J.
1741 2834 1883 2870 Nadasi

258 2889 302 2924 S.
323 2890 364 2935 J.
388 2890 547 2925 Romae.
571 2891 699 2935 1657.»
731 2893 809 2938 Qui
834 2893 933 2929 liber
956 2894 996 2929 in
1020 2894 1256 2930 bibliotheca
1287 2895 1563 2931 Universitatis
1593 2894 1800 2941 Budapest.
1818 2895 1883 2929 ha-

260 2949 386 2984 betur.
408 2949 450 2984 In
470 2949 643 2995 margine
662 2951 757 2987 haee
775 2958 880 2987 sunt:
900 2954 992 2988 «Est
1010 2952 1051 2988 S.
1068 2953 1264 2989 Francisei
1277 2954 1436 2989 Xaverii
1450 2965 1499 2989 ex
1513 2955 1656 3000 hymno
1669 2953 1881 3000 Hispanico
