2018 3510
586 208 722 243 prsr.
751 209 908 244 610—20
934 207 1134 252 JANUARII
1164 206 1253 250 1548
1620 214 1685 250 441

193 319 234 363 5.
299 309 426 352 Gens
449 308 671 364 quaedam
693 308 886 351 infidelis
915 306 1094 364 (Tabari
1117 308 1131 329 ⁶
1156 306 1384 362 dicuntur)
1407 306 1452 347 in
1480 306 1549 349 his
1578 306 1737 350 insulis

105 385 244 443 degit,
270 385 347 441 qui
371 400 554 430 omnem
577 400 706 429 suam
730 385 1019 429 foelicitatem
1038 383 1083 426 in
1111 382 1370 426 occidendis
1400 390 1620 438 quotquot
1635 399 1736 440 pos-

106 470 212 506 sunt
234 462 493 507 hominibus
515 462 814 515 constituunt,
846 463 959 506 adeo
990 468 1053 513 ut,
1080 460 1117 504 si
1140 460 1214 503 alii
1231 475 1322 502 non
1352 468 1606 513 occurrant,
1633 475 1740 504 suos

106 539 221 583 filios
254 546 299 584 et
329 554 493 583 onres
524 539 799 582 interimant.
838 538 970 582 Multi
1003 540 1058 581 ab
1091 537 1161 581 his
1184 537 1415 580 christiani
1448 536 1732 580 occiduntur.

105 617 341 673 Quaedam
364 631 420 660 ex
442 616 512 659 his
534 616 692 659 insulis
717 617 810 660 fere
832 630 1009 671 semper
1027 614 1193 668 tremit3
1215 621 1260 658 et
1281 613 1407 656 aiunt
1424 613 1469 655 in
1487 628 1622 656 causa
1638 628 1736 657 esse

104 708 316 750 magnam
343 693 464 751 ignis
491 693 599 747 vim,
636 708 752 749 quae
785 694 870 736 sub
903 700 1057 736 monte
1090 691 1163 746 sit,
1199 706 1304 734 nam
1336 690 1506 746 spirare
1538 690 1736 733 cernitur

102 770 334 824 continue,
361 778 405 814 et
426 785 534 814 saxa
555 770 697 814 instar
713 769 969 827 ingentium
987 770 1198 812 arborum
1221 781 1388 824 magno
1410 766 1581 823 impetu
1600 767 1736 822 proii-

102 862 218 900 cere,
246 855 290 892 et
314 855 490 891 tantum
528 847 707 900 cineris,
736 854 786 890 ut
819 861 895 891 eos
917 846 995 902 qui
1017 846 1064 888 in
1096 845 1219 903 agris
1251 851 1358 888 sunt
1390 843 1579 900 operiat,
1604 859 1735 899 apros

102 932 339 969 excecatos
381 924 609 968 interimat
646 926 762 981 (post
800 930 1113 980 tempestatem
1151 921 1271 966 enim
1308 921 1451 973 uenti,
1477 920 1735 963 huiusmodi

102 1001 266 1044 mortui
289 1002 725 1058 deprehenduntur).

191 1079 233 1121 6.
300 1078 455 1122 Pisces
477 1078 629 1131 etiam,
662 1078 738 1134 qui
767 1078 932 1122 mortui
960 1077 1006 1120 in
1035 1077 1185 1121 littore
1212 1075 1629 1132 deprehenduntur,
1655 1089 1736 1116 esu

103 1155 266 1199 cineris
294 1155 536 1213 extinguit.
568 1157 686 1200 Cum
714 1171 785 1200 me
814 1161 1219 1212 perconctarentur
1251 1153 1359 1209 quid
1394 1154 1480 1195 hoc
1508 1151 1571 1195 rei
1597 1159 1732 1203 esset,

10 1272 11 1279 ,
42 1268 45 1271 -
106 1232 331 1276 infernum
354 1248 453 1277 esse
477 1233 671 1290 aliquem
701 1232 1044 1290 respondebam,
1076 1246 1166 1287 quo
1194 1230 1543 1274 detruderentur
1570 1228 1633 1281 hi,
1660 1229 1735 1283 qui

106 1309 236 1352 idolis
258 1310 533 1354 seruiebant.
560 1311 678 1354 Cum
706 1310 890 1353 missam
912 1309 958 1352 in
980 1308 1052 1352 die
1080 1307 1237 1353 Sancti
1265 1306 1499 1351 Michaelis
1521 1305 1733 1357 dicerem,

104 1393 339 1443 tantopere
363 1387 546 1431 tremuit
570 1394 703 1440 terra,
730 1393 781 1429 ut
803 1386 1006 1429 timerem
1044 1401 1102 1429 ne
1123 1384 1232 1427 mihi
1270 1385 1410 1427 altare
1439 1382 1735 1426 disiiceretur:

103 1463 216 1506 forte
244 1463 399 1506 diuina
427 1463 596 1507 virtute
624 1465 821 1508 Sanctus
855 1463 1052 1508 Michael
1080 1464 1340 1515 daemones,
1371 1459 1578 1503 diuinum
1605 1451 1738 1503 obse-

101 1540 257 1596 quium
293 1540 509 1597 impedire
540 1542 762 1594 volentes,
795 1540 959 1597 repulit
987 1547 1124 1595 atque
1157 1539 1213 1582 ad
1241 1538 1468 1581 infernum
1498 1536 1735 1593 relegauit.

190 1629 231 1672 7.
299 1619 416 1662 Cum
439 1633 550 1675 ergo
571 1633 885 1675 peragrassem
909 1617 1058 1661 omnia
1081 1616 1429 1660 christianorum
1451 1616 1569 1667 loca,
1590 1614 1738 1656 Malu-

102 1709 205 1738 cum
228 1695 355 1748 redii,
381 1694 458 1738 vbi
487 1696 678 1739 alterum
708 1695 934 1739 trimestre
962 1693 1160 1746 substiti,
1193 1691 1489 1749 predicationi
1516 1697 1566 1732 ut
1594 1689 1734 1746 prius,

100 1787 231 1817 mane
267 1772 683 1830 portugalensibus,
720 1788 746 1816 a
777 1772 966 1829 prandio
1003 1770 1239 1815 conuersis
1272 1785 1298 1813 a
1336 1767 1601 1825 paganismo
1629 1766 1740 1809 insi-

101 1855 240 1903 stens,
275 1849 493 1894 continue
527 1849 890 1893 confessionibus
922 1847 1161 1892 audiendis
1194 1860 1376 1897 vacanS,
1403 1851 1448 1889 et
1470 1842 1742 1887 christianae

100 1926 204 1970 fidei
232 1928 505 1971 documenta
533 1941 806 1984 proponens,
826 1933 965 1982 atque
982 1924 1280 1968 idololatriam
1297 1921 1531 1979 pristinam
1548 1921 1739 1962 multum

100 2005 448 2060 reprehendens:
475 2004 549 2048 die
570 2003 782 2048 mercurii
799 2011 844 2047 et
860 2002 1040 2046 veneris
1063 2015 1270 2044 seorsum
1287 1998 1503 2042 vxoribus
1520 2004 1737 2054 portuga

99 2080 290 2125 lensium
313 2083 444 2138 (quae
466 2080 676 2124 indianae
707 2082 827 2136 sunt)
858 2081 914 2123 de
942 2078 1048 2122 fidei
1085 2076 1301 2129 articulis,
1343 2074 1568 2132 preceptis
1604 2072 1737 2129 legis,

99 2165 380 2202 sacramento
403 2157 701 2201 confessionis
724 2164 770 2202 et
792 2155 1125 2200 communionis
1148 2153 1444 2197 concionatus
1467 2166 1583 2194 sum.

187 2236 229 2278 8.
296 2237 497 2292 Tempus
536 2235 656 2279 enim
687 2242 784 2278 erat
820 2232 1227 2290 quadragesimale,
1259 2237 1304 2274 et
1332 2230 1398 2272 sic
1427 2229 1472 2271 in
1504 2227 1630 2273 festis
1660 2242 1736 2284 pa-

101 2312 327 2355 schalibus
340 2312 471 2355 multi
486 2311 655 2356 Christi
669 2326 837 2368 corpus
849 2309 1183 2354 sanctissimum
1198 2308 1334 2365 (quod
1349 2306 1473 2363 prius
1490 2305 1739 2361 nunquam)

102 2396 458 2446 assumpserunt.
499 2391 657 2445 Itaque
688 2388 759 2432 his
797 2403 877 2432 sex
905 2386 1155 2438 mensibus,
1195 2400 1300 2428 cum
1338 2398 1506 2440 magno
1543 2381 1742 2425 ciuitatis

103 2465 251 2508 fructu
273 2481 353 2522 per
375 2466 463 2510 Dei
485 2466 695 2523 gratiam,
722 2465 784 2508 ibi
805 2471 1015 2509 versatus
1037 2478 1153 2506 sum.
1182 2465 1292 2505 Post
1313 2462 1481 2517 pascha
1509 2460 1615 2504 inde
1637 2473 1741 2515 pro—

104 2541 263 2597 fectus,
289 2550 335 2586 et
358 2543 541 2599 quidem
565 2544 658 2588 fere
680 2549 815 2586 nocte
837 2540 1001 2593 media,
1029 2546 1079 2582 ut
1101 2540 1355 2595 lachrymas
1384 2545 1429 2582 et
1458 2538 1667 2594 planctus
1688 2536 1743 2578 fi-

101 2617 260 2662 liorum
283 2635 335 2663 ac
358 2620 553 2663 filiarum
582 2619 884 2677 spiritualium
917 2618 1153 2662 euitarem.
1186 2618 1284 2660 Nec
1313 2623 1466 2659 tamen
1493 2614 1539 2657 id
1567 2612 1743 2657 obtinui

101 2709 153 2738 ea
172 2697 297 2750 hora3
332 2712 435 2741 nam
473 2711 578 2740 cum
615 2710 785 2752 magno
815 2696 970 2739 dolore
1003 2702 1047 2738 et
1079 2693 1233 2736 multis
1261 2691 1503 2748 lachrymis
1532 2706 1606 2735 me
1634 2697 1741 2733 sunt

100 2773 339 2826 prosecuti:
366 2773 489 2829 prius
513 2780 664 2817 tamen
687 2787 824 2828 quam
846 2772 952 2815 inde
979 2770 1305 2827 proficiscerer,
1330 2770 1550 2813 deuotum
1579 2782 1737 2823 quem-

101 2847 202 2891 dam
239 2852 535 2903 sacerdotem,
577 2849 655 2906 qui
692 2848 895 2906 quotidie
926 2848 1181 2891 doctrinam
1219 2846 1528 2898 christianam,
1565 2843 1739 2887 adiecta

172 2955 186 2976 ⁶
236 2956 344 2992 Alias
353 2957 514 3002 javari,
534 2956 605 2992 sed
628 2961 760 2992 nostra
783 2956 1003 3002 apographa
1028 2965 1095 2990 eos
1121 2965 1276 3000 semper
1299 2953 1460 2988 tabaros
1485 2952 1548 2986 vel
1573 2953 1741 2985 tauaros

104 3021 290 3051 nommat.
