2049 3360
343 224 414 271 796
592 238 594 241 ’
837 223 1108 258 MONUMENTA
1134 220 1383 255 XAvssmANA

390 327 445 368 In
467 326 690 381 contiguis
710 323 1000 379 marginibus
1021 321 1240 364 secundae
1257 323 1296 363 et
1318 321 1474 362 tertiae
1490 320 1694 375 paginae
1712 319 1818 361 lzaec
1834 319 1917 362 ad-

298 403 415 444 didit
435 403 552 444 idem
576 401 810 450 librarius,
834 399 911 454 qui
933 401 1068 440 totam
1091 397 1321 452 epistolam
1342 397 1565 438 exaravit.

389 479 428 521 8.
496 479 538 521 A
562 477 692 520 todos
715 490 764 518 os
788 477 953 517 Irmaos
975 489 999 517 e
1024 475 1191 517 Padres
1213 474 1270 515 da
1287 471 1566 528 Companhia
1586 486 1657 514 me
1674 485 1917 515 encomen-

299 556 432 599 dares
449 554 605 604 muito,
630 567 654 595 e
677 567 701 594 a
725 553 854 594 todos
877 566 926 593 os
948 551 1138 594 deuotos
1160 566 1185 594 e
1207 550 1393 593 devotas
1413 549 1470 591 de
1491 561 1631 591 cassa.

390 632 455 674 Os
477 631 639 672 ffrades
660 630 716 671 de
739 629 844 672 Sam
867 629 901 670 F
905 626 1106 670 ranciseo
1127 641 1152 669 e
1174 627 1230 671 de
1257 627 1362 670 Sam
1390 627 1655 680 Domyngos
1682 623 1913 680 vigitares‚

297 723 326 750 e
348 722 420 751 me
442 706 790 750 encomendares
819 703 960 746 muito
989 718 1014 745 a
1041 704 1148 747 elles
1176 716 1201 745 e
1228 717 1298 746 em
1327 716 1432 744 suas
1468 708 1646 744 sanetas
1682 706 1865 755 oraebes
1892 714 1918 743 e

298 785 490 827 deuotos
512 780 781 824 sacreficios.
1240 765 1245 769 ’

388 860 481 913 Foy
506 864 628 900 tanto
650 858 705 901 de
728 871 862 912 preca
883 855 1043 900 escrita
1065 862 1161 900 esta
1182 861 1320 906 carta,
1345 868 1432 909 que
1454 858 1539 896 nao
1561 868 1639 909 sey
1662 867 1791 896 como
1814 867 1916 908 vay:

300 950 379 991 por
402 941 531 977 outra
553 933 623 976 via
646 939 771 976 antes
794 946 882 987 que
903 936 959 974 va
980 935 1006 974 a
1027 931 1174 975 China
1195 945 1278 974 vos
1295 930 1543 974 escreverei
1566 931 1595 952 ¹⁹
1614 929 1725 972 mais
1741 930 1915 986 larguo.

388 1011 648 1065 Inscriptio,
675 1009 703 1066 †
728 1010 842 1051 Para
864 1023 890 1051 0
910 1009 1053 1052 Padre
1070 1015 1234 1051 mestre
1255 1008 1445 1062 Gaspar,
1472 1005 1624 1049 Reitor
1641 1007 1675 1028 ²⁰
1698 1007 1755 1049 do
1778 1006 1922 1060 colejo

299 1089 359 1130 de
379 1088 479 1130 Goa
502 1089 554 1138 ²⁸¹,
580 1101 681 1130 meu
704 1100 775 1128 ern
798 1084 946 1128 Cristo
969 1083 1189 1139 carisymo
1211 1085 1366 1126 Irmao.

1011 1162 1081 1204 Do
1099 1161 1234 1216 padre
1256 1163 1354 1202 m.te
1377 1161 1494 1202 Fr.00

1057 1375 1170 1416 133

615 1487 665 1528 P.
693 1484 1042 1528 FRANCISCO
1069 1484 1279 1535 PEREZ,
1306 1483 1617 1526 MALACAM

692 1592 728 1634 E
752 1590 975 1636 Sanciano
1005 1603 1052 1633 12
1078 1589 1346 1634 Novembris
1375 1600 1482 1644 1552
1509 1589 1534 1632 ¹.

307 1698 469 1739 Eadem,
489 1710 535 1732 ac
542 1697 633 1744 fere
652 1698 792 1732 iisdem
812 1696 952 1737 verbis,
972 1707 1072 1742 quae
1093 1696 1136 1731 in
1153 1696 1320 1742 epistola
1343 1695 1413 1730 128
1437 1698 1680 1736 narrantur,
1704 1695 1740 1730 si
1755 1694 1909 1740 excipia

372 1760 440 1791 tur
457 1758 560 1802 quod
577 1758 622 1792 de
641 1756 876 1802 subjectione
896 1756 1035 1790 Patris
1054 1756 1176 1791 Perez
1198 1754 1337 1790 Goano
1355 1755 1513 1796 rectori,
1532 1754 1575 1790 in
1594 1756 1794 1801 postremo
1811 1753 1925 1789 illius

374 1816 560 1862 epistolae
579 1816 659 1850 loco
677 1815 860 1850 habetur.

392 1928 631 1971 Francisco
659 1930 812 1978 PereZ,
840 1928 984 1969 Padre
1006 1927 1063 1969 da
1085 1926 1363 1982 Companhia
1395 1927 1453 1968 do
1469 1940 1600 1968 nome
1618 1926 1672 1968 de
1690 1927 1816 1982 Jesu:
1843 1925 1924 1967 Em

303 2005 482 2049 virtude
503 2005 559 2047 da
576 2012 704 2048 santa
725 2004 988 2049 obediencia
1009 2018 1090 2047 vos
1119 2004 1282 2046 mando
1310 2018 1414 2059 que,
1440 2001 1556 2044 vista
1585 2009 1682 2046 esta
1711 2000 1927 2045 obedien-

301 2080 389 2134 cia,
415 2095 494 2124 vos
515 2081 652 2124 vades
669 2081 875 2124 caminho
897 2081 953 2123 (16
970 2079 1157 2123 Cochim
1180 2081 1279 2122 n'as
1308 2093 1418 2122 naos
1441 2093 1528 2134 que
1556 2084 1652 2121 este
1682 2091 1800 2120 anno
1825 2080 1926 2129 vao;

304 2172 331 2201 6
353 2157 540 2201 levareis
562 2171 803 2200 comvosco
825 2172 849 2199 a
865 2159 978 2214 Joao
1002 2158 1149 2199 Bravo
1172 2171 1198 2200 6
1220 2170 1246 2198 a
1275 2155 1506 2200 Bernardo
1533 2155 1567 2208 ²,
1600 2167 1650 2197 se
1671 2168 1697 2196 a
1718 2157 1800 2196 VOS
1828 2154 1929 2195 bem

305 2247 355 2276 os
378 2247 574 2289 parecer;
595 2249 619 2278 6
642 2249 711 2277 em
735 2233 922 2277 Cochim
941 2234 999 2276 do
1016 2232 1091 2275 dia
1107 2247 1196 2287 que
1213 2232 1466 2288 chegardes
1484 2229 1693 2275 tomareis
1710 2237 1931 2285 entregue

303 2310 363 2352 da
383 2323 503 2362 caza3
529 2325 554 2353 6
570 2309 886 2353 exercitai-vos
905 2324 975 2353 ern
993 2310 1125 2352 obras
1143 2308 1382 2364 spirituaes
1401 2322 1490 2362 que
1507 2322 1681 2362 sempre
1702 2320 1785 2349 vos
1801 2319 1930 2349 exer-

301 2385 501 2437 citastes,
527 2401 597 2430 em
621 2389 782 2442 pregar
798 2401 823 2429 6
840 2387 1069 2429 confessar
1086 2399 1111 2427 6
1129 2392 1248 2428 otras
1267 2386 1400 2428 obras
1418 2383 1529 2440 pias,
1550 2384 1650 2439 pola
1667 2383 1819 2426 ordem
1841 2394 1930 2436 que

307 2461 458 2504 fazieis
481 2477 550 2506 em
576 2464 776 2514 Mallaea,
817 2478 841 2506 6
864 2477 944 2519 por
966 2464 1076 2505 hum
1101 2461 1358 2518 regimento
1385 2475 1475 2516 que
1502 2459 1648 2504 deixei
1676 2473 1703 2502 a
1730 2457 1931 2502 Antonio

305 2537 366 2581 de
397 2539 570 2581 Eredea
591 2553 660 2581 em
691 2539 894 2582 Cochim.
927 2540 964 2582 E
991 2538 1125 2582 assim
1149 2552 1230 2594 por
1257 2544 1354 2582 este
1383 2538 1547 2580 mando
1577 2551 1648 2580 em
1675 2535 1853 2577 virtude
1873 2534 1932 2576 da

375 2654 404 2675 ¹⁹
454 2655 661 2700 espverei.,
681 2667 753 2691 ms.
946 2656 976 2677 ’⁰
1025 2656 1158 2699 Rtor.;
1178 2667 1251 2690 ms,

371 2713 402 2733 ²¹
453 2713 568 2748 Forte
591 2714 777 2760 seriptum
803 2719 886 2749 erat
921 2714 1054 2750 Guoa:
1087 2718 1224 2749 extant
1254 2713 1358 2749 enim
1388 2712 1541 2748 litterae
1574 2711 1610 2748 G
1639 2716 1679 2747 et
1706 2723 1745 2753 a,
1765 2715 1806 2746 et
1834 2710 1934 2746 inter

309 2774 510 2817 utramque
528 2771 680 2807 abscisa
698 2778 758 2808 est
775 2773 922 2819 charta,
942 2773 996 2808 ita
1016 2778 1146 2808 tamen
1164 2777 1207 2808 ut
1225 2777 1312 2819 post
1330 2772 1492 2818 primam
1507 2772 1675 2806 litteram
1689 2769 1840 2815 integra
1853 2768 1934 2803 fere

306 2834 497 2874 appareat
517 2842 559 2864 u.

386 2889 395 2909 ¹
447 2888 503 2922 Ex
518 2889 601 2923 cod.
617 2882 736 2930 Macſs,
756 2888 822 2924 fol.
843 2897 921 2934 105.
943 2889 1004 2925 Cf.
1025 2901 1088 2936 ep.
1109 2888 1190 2935 130,
1209 2889 1320 2936 cujus
1328 2890 1567 2937 paragrapho
1585 2897 1599 2922 1
1620 2887 1669 2923 ad
1678 2888 1840 2922 verbum
1853 2884 1937 2921 fere
1998 2891 2006 2894 “’

307 2945 529 2992 respondet.
539 2946 681 2981 -Vide
700 2947 881 2989 Possm„
901 2947 968 2983 lib.
991 2948 1080 2994 VII,
1099 2959 1161 2994 ep.
1185 2956 1240 2983 10:
1261 2949 1446 2993 MENCH.‚
1467 2948 1538 2984 lib.
1562 2947 1631 2992 IV,
1650 2957 1711 2993 ep.
1731 2954 1790 2990 41.

380 3009 394 3026 ²
445 3004 544 3040 Vide
564 3005 867 3052 praecedentem
887 3006 1110 3053 epistolam.

1994 2924 2018 2971 ,ᾗ
2023 2949 2031 2966 ’,Δ

1991 3031 2039 3107 ,ἐξ

1990 3106 2037 3154 ,ης-
