2049 3360
549 114 682 148 INDEX
711 122 993 151 PERSONARUM
1018 125 1181 152 MAXJME
1207 127 1259 153 ET
1284 128 1483 157 LOCORUM
1695 130 1783 165 1015

239 215 589 262 Virandapatanao,
627 216 829 258 Alendale,
868 217 977 252 Trin-

240 274 450 316 chandure,
483 275 645 320 Cocino)
674 277 805 322 plures
836 275 977 323 episto-

242 334 312 376 las,
332 333 381 369 de
401 334 515 370 modo
538 335 681 380 agendi
698 347 786 371 curn
805 336 976 382 neophy-

243 393 292 428 tis
323 394 566 440 praesertim,
592 395 798 430 Francisco
823 396 976 431 Mansil-

242 453 311 487 has
336 460 483 499 exarat,
508 452 678 500 310-3553
705 454 893 490 Cocinum
918 467 976 490 re-

241 511 311 554 dit,
332 511 414 557 350,
435 512 517 557 354,
538 514 591 548 ait
611 519 698 560 post
722 523 743 548 2
761 519 827 549 aut
851 513 872 549 3
891 514 975 550 dies

241 571 280 606 in
311 571 536 617 Cambajam
567 572 849 619 profecturum,
885 573 974 620 351,

240 630 322 677 3553
361 632 462 667 intra
502 633 646 668 mensis
684 633 851 680 spatium
888 635 974 680 plus

242 700 358 727 Ioooo
375 692 562 738 baptizat,
582 692 664 737 3673
685 693 973 739 improbitatem

238 762 386 797 eorum,
405 752 470 798 qui
490 753 620 787 munia
638 753 792 799 publica
811 754 971 795 obeunt,

184 804 187 805 ⁷
239 809 379 845 acriter
419 813 643 857 exprobrat,
669 811 752 856 3753
780 813 973 858 Ne-gapa-

238 874 370 904 tanum
390 870 511 914 venit,
549 870 638 916 378,
670 870 752 915 3803
779 870 818 906 in
849 872 973 906 Maca-

238 928 380 963 zariam
406 940 569 975 pergere
600 929 750 971 statuit,
776 929 859 974 378,
887 929 969 972 381,

237 986 320 1032 384,
339 987 508 1032 386-391,
528 988 611 1034 3973
630 990 679 1024 ab
697 990 769 1024 hac
787 989 971 1024 missione

239 1046 406 1089 desistit,
432 1048 492 1092 65,
518 1047 600 1093 3993
627 1048 667 1083 in
696 1049 891 1084 Manarem
916 1048 971 1084 in-

238 1107 362 1141 sulam
393 1107 518 1149 venit,
554 1107 618 1151 563
650 1106 868 1149 Ceilanum,
904 1115 966 1152 573

239 1166 556 1212 Negapatanum,
600 1168 664 1211 58;
704 1167 967 1213 Meliaporam,

236 1234 295 1270 57,
328 1234 386 1271 59,
417 1225 475 1268 63,
503 1225 586 1270 3823
612 1227 812 1267 Malacam,
843 1227 966 1271 64-70,

234 1285 405 1331 386-396,
427 1286 509 1332 3983
531 1287 568 1321 in
595 1288 840 1322 Molucenses
864 1288 968 1323 insu-

233 1348 289 1381 las
319 1346 533 1387 contendit,
566 1355 625 1391 703
660 1359 791 1382 earum
825 1347 967 1382 descri-

231 1405 404 1452 ptionem
422 1406 528 1448 facit,
554 1414 613 1450 71,
633 1415 715 1450 402,
737 1414 820 1450 4113
847 1411 887 1441 et
912 1405 963 1441 in-

231 1466 415 1507 colarum,
434 1476 517 1510 404,
537 1474 620 1510 405,
640 1475 724 1510 412,
743 1464 826 1509 4133
847 1470 887 1500 et
913 1471 968 1500 to-

231 1523 308 1559 tius
334 1523 484 1559 itineris
503 1536 524 1558 a
548 1523 756 1560 Comorino
780 1535 903 1570 usque
921 1524 969 1559 ad

232 1584 424 1625 Molucas,
460 1592 550 1628 401,
583 1593 672 1628 4023
716 1584 895 1629 pervenit
929 1583 968 1619 in

234 1643 504 1689 Amboynum,
536 1650 596 1687 72,
633 1641 720 1687 399,
756 1653 841 1687 409,
877 1650 966 1687 415,

232 1709 315 1747 417,
334 1711 418 1746 424,
443 1709 527 1746 425,
551 1700 633 1745 438,
655 1700 737 1746 439,
764 1701 811 1736 ad
835 1712 968 1747 regem

234 1760 457 1796 Lusitaniae
476 1760 625 1801 scribit,
647 1760 912 1796 missionarios
929 1767 969 1796 et

232 1821 399 1856 tribunal
415 1819 587 1867 inquisit.
608 1825 761 1866 petens,
780 1829 863 1864 421,
883 1829 966 1865 4223

230 1881 269 1915 in
311 1881 506 1915 Molucurn
550 1890 620 1914 seu
664 1879 854 1925 Ternate,
899 1887 965 1923 74,

228 1939 317 1985 399,
349 1949 440 1985 409,
477 1947 565 1983 425»
591 1938 680 1982 426,
701 1937 787 1983 439,
810 1948 900 1982 44ο;
928 1937 966 1973 in

227 2000 374 2035 insulas
409 1999 532 2033 Mauri
578 1997 634 2032 ire
672 1997 838 2043 cogitat,
875 1996 963 2043 399,

226 2069 311 2103 400,
343 2067 427 2103 410,
460 2066 544 2102 411,
563 2066 647 2102 415,
673 2056 756 2101 4183
786 2057 877 2092 illuc
901 2069 965 2091 ve-

228 2118 298 2160 nit,
316 2126 377 2163 74,
405 2118 464 2162 76,
484 2118 567 2162 426,
585 2125 668 2162 427,
688 2127 771 2161 440,
791 2125 875 2161 441,
895 2116 965 2151 ite-

226 2189 311 2212 rum
336 2176 375 2211 in
400 2177 595 2211 Molucum
613 2187 683 2211 seu
700 2176 883 2216 Ternate,
903 2182 962 2219 77,

227 2237 288 2283 78,
318 2236 401 2281 428,
433 2245 517 2281 429;
554 2240 592 2270 et
622 2235 662 2270 in
697 2235 961 2280 Amboynum,

229 2304 295 2342 793
333 2296 538 2335 Malacam,
574 2293 719 2335 80-82,
760 2292 824 2337 431
845 2291 961 2338 -434‚

228 2354 400 2400 443-4453
426 2366 447 2389 e
470 2354 633 2389 Molucis
658 2353 697 2388 in
721 2352 870 2388 Indiam
889 2352 960 2388 Co-

228 2414 359 2450 cinum
378 2412 571 2460 pervenit,
592 2412 651 2453 83,
671 2411 755 2457 435,
770 2411 854 2456 446,
874 2419 957 2456 454,

227 2473 317 2508 hinc
335 2471 461 2508 varias
486 2471 622 2506 scribit
649 2470 845 2517 epistolas,
873 2478 958 2514 424-

225 2540 309 2577 4593
330 2531 469 2575 Goam,
489 2530 574 2574 4603
598 2529 689 2564 hinc
713 2527 879 2575 primum
898 2539 958 2562 so-

223 2592 304 2627 cios
320 2592 506 2626 Malacam
522 2590 653 2633 mittit,
671 2588 956 2634 4603C0cinum

223 2663 271 2687 ex
291 2663 357 2686 ora
375 2650 569 2686 Piseariae
587 2649 688 2684 redit
703 2649 757 2692 (in
775 2659 882 2683 oram
896 2647 957 2682 Pi-

223 2709 369 2746 seariae
387 2721 436 2744 ex
452 2710 547 2744 urbe
565 2708 651 2744 Goa
665 2709 855 2750 venerat),
871 2706 954 2751 464,

221 2771 306 2815 4673
324 2769 463 2815 Joanni
477 2768 525 2803 de
540 2768 678 2804 Castro
692 2765 861 2813 proregi,
878 2777 956 2800 mo-

223 2828 354 2871 rienti,
382 2828 523 2869 adstat,
551 2827 722 2871 467-4703
751 2825 876 2861 Goam
895 2823 954 2869 (Ρ),

223 2887 394 2934 471-473;
427 2887 629 2932 Cocinum,
649 2885 851 2932 Japoniam
872 2896 954 2919 ver-

1098 230 1177 261 suS,
1213 220 1296 265 4733
1329 221 1418 257 hinc
1443 223 1569 257 varias
1600 223 1665 258 dat
1686 223 1829 269 episto-

1098 279 1167 321 las,
1202 279 1372 326 473-5143
1405 283 1605 324 Malacam,
1634 291 1716 327 5143
1739 282 1828 317 hine

1096 338 1225 383 plures
1245 339 1430 386 epistolas
1450 340 1582 383 mittit,
1604 349 1773 386 514-5703
1790 342 1828 376 in

1096 397 1299 443 Japoniam
1320 399 1374 434 ire
1394 400 1616 442 meditatur,
1632 411 1716 446 4493
1736 401 1827 436 illuc

1096 456 1239 503 pergit,
1271 456 1399 504 86-923
1432 458 1712 505 Cangoximam
1743 470 1827 505 per-

1095 515 1217 557 venit,
1237 526 1296 562 92,
1321 526 1489 564 119-122,
1515 519 1686 563 570-659;
1708 517 1746 552 in
1766 518 1827 552 Fi-

1094 574 1269 617 randum,
1302 585 1380 618 122,
1412 585 1491 622 125,
1517 577 1601 622 66o;
1629 577 1825 623 Amangu-

1094 633 1210 676 cium,
1241 634 1407 679 123-125‚
1433 636 1518 680 6613
1546 637 1736 677 Meacum,
1760 634 1826 670 123

1093 698 1132 727 et
1150 705 1248 740 seq.,
1263 694 1348 738 6613
1367 694 1652 740 Amangucium
1668 694 1823 737 iterum,

1096 752 1161 786 126
1180 757 1219 787 et
1238 764 1343 799 seq.,
1364 752 1448 791 661,
1468 753 1550 798 664,
1568 753 1651 798 6653
1670 753 1708 788 in
1723 754 1825 788 Bun-

1091 822 1185 856 gum
1217 812 1383 858 (Funay‚
1404 812 1558 857 Figen),
1588 811 1668 856 1383
1700 812 1740 847 in
1764 812 1823 847 In-

1091 868 1193 904 diam
1212 881 1299 904 cum
1318 869 1462 905 famulo
1480 870 1584 916 regis
1602 870 1823 916 Bungensis

1091 929 1205 970 redit,
1219 939 1300 974 1403
1313 930 1352 964 in
1367 929 1522 965 Sinensi
1536 935 1649 976 portu
1663 930 1821 972 sistunt,

1095 997 1174 1032 141,
1214 997 1293 1033 1423
1329 1000 1377 1023 ex
1419 988 1520 1024 freto
1559 989 1823 1035 Sincapurano

1090 1048 1240 1094 scribit,
1272 1048 1356 1092 6663
1401 1049 1588 1084 Malacam
1626 1049 1818 1095 pervenit,

1094 1106 1173 1152 143;
1194 1107 1398 1152 Cocinum,
1427 1116 1507 1152 144,
1533 1107 1617 1152 667;
1643 1107 1733 1143 hinc
1757 1120 1821 1143 va-

1089 1166 1165 1201 rias
1173 1166 1358 1213 epistolas
1372 1166 1504 1208 mittit,
1514 1166 1684 1211 667-7043
1695 1166 1819 1203 Goam

1090 1237 1137 1260 ex
1157 1225 1334 1272 Japonia,
1363 1225 1442 1270 143,
1471 1227 1556 1271 1463
1582 1225 1671 1260 hinc
1689 1227 1819 1272 plures

1090 1287 1274 1333 epistolas
1305 1293 1344 1322 et
1374 1288 1448 1322 alia
1471 1287 1704 1322 documenta
1728 1287 1820 1322 scri-

1090 1344 1159 1385 bit,
1180 1353 1353 1390 705·751;
1375 1345 1460 1381 Goa
1482 1345 1521 1379 in
1547 1345 1659 1380 Sinas
1678 1356 1819 1379 navem

1088 1403 1331 1448 conscendit,
1378 1403 1458 1448 143,
1505 1403 1586 1448 1463
1628 1403 1819 1438 Cocinum

1088 1463 1182 1505 adit,
1206 1463 1285 1511 1¹43,
1306 1463 1575 1508 144‚751;hine
1591 1463 1634 1497 P.
1650 1464 1819 1498 Barzaeo

1088 1521 1236 1562 scribit,
1252 1521 1422 1566 751-7563
1433 1522 1632 1562 Malacam,
1645 1529 1724 1565 147,
1738 1521 1817 1566 148,

1086 1588 1169 1625 757;
1189 1580 1278 1615 hinc
1296 1580 1344 1615 ad
1374 1580 1550 1615 diversos
1575 1579 1710 1615 scribit
1740 1580 1819 1626 epi-

1088 1641 1221 1680 stolas,
1241 1642 1412 1684 757-765;
1433 1644 1472 1674 et
1491 1651 1540 1674 ex
1562 1638 1663 1674 freto
1687 1639 1820 1674 Sinca-

1087 1711 1248 1746 purano,
1265 1698 1437 1743 765-7803
1453 1699 1492 1734 in
1511 1698 1745 1734 Sancianum
1763 1699 1819 1734 in-

1089 1760 1211 1794 sulam
1246 1759 1369 1800 venit,
1408 1757 1576 1802 153-158‚
1612 1758 1695 1802 7813
1732 1759 1820 1793 Fra-

1088 1823 1187 1853 trem
1218 1817 1393 1852 Ferreira
1424 1828 1445 1851 e
1473 1816 1669 1852 Societate
1696 1816 1816 1863 ejicit,

1090 1885 1169 1921 1553
1197 1877 1287 1912 hinc
1318 1876 1444 1911 varias
1474 1877 1659 1923 epistolas
1683 1876 1817 1918 mittit,

1085 1935 1258 1980 781-810;
1291 1935 1466 1977 moritur,
1505 1944 1585 1981 190,
1616 1944 1701 1980 1913
1729 1947 1816 1971 eum

1088 1994 1267 2030 laudibus
1281 1999 1392 2029 ornat
1405 1994 1451 2028 Ρ.
1467 1994 1722 2040 Valignanus,
1737 2002 1816 2040 192,

1090 2054 1169 2100 1933
1200 2054 1284 2100 ejus
1310 2065 1451 2100 corpus
1479 2053 1518 2088 in
1546 2053 1695 2089 Indiam
1715 2053 1818 2088 dela-

1085 2119 1179 2155 tum,
1205 2122 1272 2158 194
1290 2119 1330 2148 et
1348 2125 1431 2160 seq.

1084 2193 1124 2198 —
1139 2173 1275 2207 Varia.
1288 2171 1418 2218 Opera
1430 2171 1465 2206 ei
1477 2172 1677 2216 attributa,
1688 2172 1737 2218 V,
1747 2172 1814 2214 Vl3

1083 2231 1454 2267 benevolentissime
1480 2243 1500 2266 a
1524 2231 1683 2276 regibus
1708 2231 1817 2265 Lusi-

1082 2291 1210 2326 taniae
1241 2289 1448 2337 excipitur,
1477 2298 1560 2335 214,
1580 2298 1662 2334 2153
1683 2301 1704 2324 a
1722 2278 1815 2335 rege

1080 2349 1278 2397 pontificia
1304 2349 1515 2396 diplomata
1539 2349 1693 2395 recipit,
1718 2360 1815 2395 quo—

1078 2421 1162 2444 rum
1182 2409 1221 2444 in
1239 2420 1316 2444 uno
1334 2407 1493 2443 nuntius
1514 2407 1760 2454 Apostolicus
1778 2407 1817 2442 in

1078 2467 1241 2505 Oriente
1259 2472 1426 2513 creatur,
1444 2474 1480 2511 73
1500 2466 1539 2501 in
1558 2466 1683 2501 insula
1701 2466 1816 2501 Soco—

1078 2533 1161 2563 tora
1179 2526 1404 2562 bonziorum
1426 2525 1546 2579 sacris
1569 2525 1711 2572 adstat,
1731 2533 1815 2570 254,

1077 2595 1159 2632 2553
1181 2585 1217 2621 ei
1235 2585 1369 2632 pandit
1383 2586 1506 2632 plura,
1522 2585 1641 2630 vulgo
1658 2595 1815 2631 prorsus

1076 2646 1224 2691 ignota,
1239 2643 1402 2679 bonzius
1417 2642 1585 2678 celebris
1600 2642 1813 2688 Comorini,

1077 2703 1254 2750 291—2933
1284 2703 1568 2750 professionem
1598 2704 1815 2738 solemnem

1077 2765 1236 2810 emittit,
1256 2763 1340 2810 296,
1356 2774 1441 2808 4043
1458 2763 1648 2808 ordinem,
1668 2775 1690 2799 a
1714 2775 1756 2798 se
1775 2764 1814 2798 in

1076 2823 1273 2860 catechesi
1302 2827 1514 2868 servatum,
1546 2828 1698 2866 narrat,
1729 2821 1812 2857 280<

1077 2882 1164 2927 2833
1200 2883 1453 2917 brachmanes
1489 2880 1694 2924 describit,
1728 2880 1811 2924 288,
