2018 3510
0 2648 5 2699 ,f

680 228 818 264 EPIST.
848 228 1010 266 82.—22
1029 231 1143 276 JUNIJ
1169 238 1259 276 1549
1671 242 1736 279 551

151 325 345 378 monios,
370 341 399 382 y
417 333 539 371 otros
556 329 778 383 peccados
799 330 927 374 desta
949 330 1123 374 calidad
1155 338 1185 374 Γ.
1214 333 1434 376 Dizenme
1458 348 1545 389 que
1575 350 1623 378 es
1646 343 1784 391 gente

151 416 260 457 muy
280 403 470 446 deseosa
492 405 548 448 de
570 406 717 449 saber:
745 407 925 461 quando
947 407 1004 450 de
1026 408 1111 451 alla
1135 408 1312 452 tuuiere
1329 409 1613 465 experiencia
1636 427 1686 455 os
1708 427 1781 456 es-

153 478 326 522 creuire
348 495 456 536 muy
479 481 625 537 largo.

236 555 347 599 Dios
369 564 555 601 nuestro
576 559 722 602 Sefior
743 574 824 615 por
840 575 892 602 su
914 560 1089 604 infinita
1109 560 1415 605 misericordia
1432 577 1514 605 nos
1537 571 1704 618 ayunte
1722 581 1778 609 en

150 647 202 676 su
225 641 382 677 sancta
397 635 557 691 gloria,
581 650 754 692 porque
777 651 833 680 en
850 645 948 681 esta
967 638 1072 682 vida
1093 653 1152 682 no
1174 642 1223 682 se
1245 640 1427 695 quando
1449 654 1531 682 nos
1553 655 1774 695 veremos;

144 719 253 761 pero
274 706 316 748 13
339 713 495 750 sancta
515 706 778 764 obediencia
800 709 843 752 10
863 711 1012 765 puede
1034 711 1184 764 hazer;
1209 726 1239 766 y
1260 711 1304 754 lo
1329 725 1417 766 que
1448 726 1608 767 parece
1637 712 1777 755 dificil

144 797 192 825 es
216 782 317 825 facil
338 785 519 838 quando
540 784 582 826 la
605 785 862 830 obedientia
879 786 1049 842 quiere.

229 861 370 904 Desta
392 861 582 916 Malaca,
608 865 634 904 a
658 874 711 905 22
735 863 792 906 de
808 865 962 920 Junho
985 879 1106 907 anno
1129 865 1185 908 de
1213 871 1229 892 ³
1262 875 1389 922 1549.

227 936 386 981 Sieruo
407 937 537 980 inutil
559 939 614 981 de
638 939 766 982 todos
788 940 855 982 103
877 942 1115 984 hermanos
1132 941 1188 985 de
1211 942 1253 985 la
1275 943 1526 997 Compafiia
1544 944 1616 987 del
1641 958 1772 986 nom-

139 1013 218 1056 bre
242 1014 297 1057 de
313 1016 449 1072 Jesus
475 1018 511 1067 t,

850 1093 878 1150 †

708 1153 744 1195 F
748 1166 999 1197 RANCISCO.
1033 1161 1054 1180 1¹

226 1245 482 1300 Inscriptio.
510 1246 646 1289 Carta
669 1261 758 1301 que
781 1247 928 1291 scriue
951 1248 991 1291 61
1016 1250 1068 1290 Ρ.
1096 1249 1461 1311 Μ.”Ἑ1’31161360,
1483 1251 1539 1293 (16
1558 1252 1768 1306 Malaqua

134 1321 175 1364 al
199 1323 251 1364 P.
278 1323 360 1365 M.⁰
383 1322 566 1378 Ignacio
587 1338 616 1379 y
639 1324 680 1366 al
703 1325 765 1366 Ρ..
783 1326 874 1367 M.e
902 1325 1077 1377 Simon,
1105 1326 1364 1369 Prouincial
1393 1328 1449 1369 de
1473 1328 1713 1384 Portugal,
1738 1344 1768 1384 y

131 1402 157 1441 3
180 1399 309 1441 todos
331 1400 398 1442 los
420 1414 515 1442 mas
539 1400 709 1444 Padres
731 1401 788 1445 de
812 1402 1007 1457 Europa,
1034 1406 1059 1445 3
1083 1414 1137 1445 22
1161 1403 1217 1446 (16
1233 1402 1371 1460 Junio
1400 1414 1526 1461 1549.

217 1476 390 1519 Eadem
398 1478 508 1534 fere
527 1478 762 1533 inscriptio
780 1479 830 1520 in
847 1479 1068 1521 codicibus
1085 1479 1308 1522 Eborensi
1325 1483 1364 1522 et
1385 1481 1760 1534 Conimbricensz)

127 1553 205 1595 sed
229 1553 277 1596 in
291 1558 519 1610 postremo
557 1554 664 1596 haec
694 1555 830 1597 verba
862 1556 1113 1599 adduntur.
1142 1557 1394 1601 Treladada
1431 1559 1487 1601 de
1511 1562 1766 1615 portugues

129 1645 186 1674 en
210 1631 472 1674 castellano.

245 1877 461 1916 EJUSDEM
494 1878 760 1908 EPISTOLAE
792 1879 1019 1909 ALTERUM
1052 1879 1301 1910 HISPANUM
1335 1877 1597 1908 EXEMPLUM

884 1965 983 2059 Jlis.

207 2096 271 2139 La
293 2095 445 2152 gracia
460 2111 490 2151 y
512 2111 637 2139 amor
653 2097 710 2140 de
733 2098 810 2140 Χ.Ο
834 2112 910 2141 363
927 2096 1106 2152 sienpre
1123 2111 1180 2140 en
1197 2103 1383 2139 nuestra
1400 2096 1440 2151 aj
1448 2096 1535 2137 uda
1552 2111 1582 2151 y
1601 2096 1754 2139 fauor,

118 2172 285 2216 Amen.

211 2262 247 2292 Ι.
313 2251 421 2294 Este
444 2252 592 2295 Enero
615 2251 782 2306 pasado
804 2251 876 2294 (161
899 2257 986 2294 3ᾔο
1014 2251 1070 2293 (16
1109 2259 1219 2307 1549
1248 2263 1297 2292 os
1320 2252 1493 2293 escreui
1522 2263 1632 2305 muy
1660 2250 1759 2292 lar—⁷

117 2333 328 2381 gamente
349 2327 422 2370 del
444 2328 563 2370 fruto
586 2342 675 2383 que
697 2342 753 2371 en
775 2327 840 2370 las
862 2327 1002 2370 almas
1024 2341 1072 2369 36
1094 2327 1205 2369 haze
1228 2341 1286 2370 en
1308 2333 1427 2370 estas
1455 2332 1606 2382 partes
1628 2326 1685 2369 de
1706 2326 1749 2369 13

10 2389 13 2392 ⁴
67 2410 75 2419 ‘
114 2401 254 2456 India,
279 2407 376 2447 ansi
398 2418 456 2446 en
477 2405 542 2447 133
565 2404 801 2448 fortalezas
822 2404 895 2446 del
917 2419 1012 2459 rey,
1037 2417 1171 2446 como
1191 2418 1248 2447 en
1271 2409 1391 2446 estas
1414 2402 1571 2447 tierras
1601 2403 1658 2445 de
1680 2403 1748 2446 103

113 2477 302 2534 infieles‚
327 2495 409 2536 por
429 2482 475 2524 lo
498 2482 604 2537 qual
624 2496 674 2525 36
697 2496 754 2524 ua
782 2480 1135 2524 acrescentando
1164 2487 1349 2523 nuestra
1378 2479 1661 2523 sanctissima
1685 2481 1743 2532 fe;

108 2621 127 2642 ¹·
157 2616 352 2663 qualidad,
367 2617 438 2652 Eb.
456 2623 496 2652 et
513 2616 580 2653 Co.
773 2625 789 2645 S
823 2616 940 2663 Junio
954 2616 1018 2660 de,
1034 2617 1106 2654 Eb.
1125 2621 1165 2651 et
1182 2616 1251 2652 Co.
1443 2620 1457 2644 t
1492 2617 1600 2652 Haec
1618 2616 1744 2663 perio-

107 2673 179 2710 dus
197 2675 237 2711 in
258 2676 447 2723 superiori
462 2678 642 2723 exemplo
660 2676 829 2712 lusitano
847 2676 1106 2712 desideratur.
1317 2683 1338 2703 u
1365 2675 1587 2720 Francise0‚
1609 2676 1680 2711 Eb.
1703 2681 1744 2711 et

111 2732 195 2777 Co.‚
214 2746 330 2771 cruce
348 2747 576 2783 suppressa.

176 2856 187 2876 ¹
235 2854 293 2889 Ex
320 2856 408 2890 cod.
442 2856 558 2891 Rom.
593 2858 761 2902 apogr„
794 2867 832 2889 n.
853 2864 912 2900 42.
945 2855 1031 2890 Hoc
1050 2859 1337 2901 transumptum
1362 2854 1572 2901 separatim
1599 2853 1739 2889 damus

101 2913 205 2959 quia,
230 2913 278 2949 ad
307 2916 428 2950 verba
451 2914 556 2962 quod
580 2914 736 2960 attinet,
762 2914 876 2950 valde
905 2915 953 2949 ab
977 2914 1063 2950 aliis
1092 2913 1304 2961 hispanicis
1330 2914 1564 2960 apographis
1589 2912 1737 2948 differt:

105 2971 207 3008 unde
230 2973 306 3009 nisi
324 2975 397 3009 hoc
416 2974 530 3010 modo
549 2974 745 3021 ederetur,
769 2974 1064 3011 annotationum
1095 2974 1304 3011 multitudo
1325 2974 1595 3010 confusionem
1609 2972 1740 3020 potius

108 3042 223 3078 quam
236 3034 556 3080 perspicuitatem
570 3033 767 3080 gigneret.
