2018 3510
535 204 674 238 Emsr.
706 208 860 246 17.—15
887 201 1090 246 JANUARH
1118 209 1209 245 1544
1582 200 1652 236 303

50 309 205 353 ‚statim
230 322 283 350 ea
307 315 458 351 erecta
481 313 526 348 et
548 305 781 360 sequenda
802 317 903 347 esse
925 302 1217 354 arbitrantur,
1246 317 1336 345 non
1360 311 1409 345 ut
1431 304 1516 348 Dei
1537 306 1702 348 uolun-

55 394 124 429 tas
146 386 224 427 fiat
247 384 575 435 desiderantes,
600 395 751 437 neque
772 380 819 423 in
842 395 946 424 eum
965 395 1119 423 curam
1139 395 1267 423 suam
1285 388 1330 423 et
1348 381 1534 424 consilia
1553 383 1702 426 omnia

52 462 273 507 iacientes
299 463 347 513 ¹⁷;
375 468 585 504 metuunt
609 459 729 504 enim
753 474 809 502 ne
834 459 956 513 quod
977 457 1061 514 ipsi
1086 459 1248 500 uolunt
1270 459 1398 502 Deus
1417 459 1544 511 nolit,
1566 475 1698 512 neue,

57 542 164 584 dum
177 539 357 582 diuinae
374 537 599 581 uoluntati
618 536 852 588 obediunt,
872 537 988 580 male
1002 542 1129 591 parta
1146 535 1370 579 beneficia
1388 550 1412 578 a
1430 550 1477 578 se
1495 537 1704 581 abdicare

56 624 299 674 cogantur.
328 615 665 671 Propemodum
690 615 810 670 apud
834 629 906 657 me
929 619 1177 656 statueram
1200 612 1353 655 literas
1377 613 1485 656 dare
1516 615 1571 655 ad
1601 629 1704 656 aca-

54 694 251 739 demiam
283 692 587 736 Parisiensem
621 694 670 744 ¹⁸,
704 699 783 734 aut
811 692 971 734 saltem
1002 690 1058 733 ad
1097 689 1366 746 magistrum
1407 697 1611 732 nostrum
1650 693 1706 734 de

55 770 289 816 Cornibus
316 771 346 791 ¹⁹
372 777 417 814 et
439 770 671 812 doctorem
704 768 947 811 Picardum
978 769 1031 809 ⁶²⁰.
1068 768 1194 823 Quot
1226 766 1464 809 miriadum
1498 767 1707 811 miriades

60 850 194 892 fidem
219 847 448 904 euangelii
470 836 745 902 acciperent,
773 845 809 888 si
832 852 985 888 essent
1009 844 1086 900 qui
1104 845 1303 887 laborem
1327 846 1451 887 hunc
1474 853 1705 900 caperent,

62 925 184 970 omni
208 939 318 968 cura
340 931 386 967 et
408 923 700 967 solicitudine
724 923 845 965 uiros
877 923 1020 965 bonos
1049 921 1256 965 inuenire
1285 922 1559 975 laborarent,
1596 936 1710 977 quos

61 1003 166 1046 huic
191 1003 377 1059 negotio
400 1003 696 1045 admonerent
720 1016 797 1045 eos
821 1016 909 1056 ope
932 1015 1014 1043 sua
1031 999 1258 1052 iuuarent,
1281 999 1358 1055 qui
1376 1006 1602 1054 quaerunt
1619 1014 1710 1042 non

57 1095 176 1137 -quae
199 1095 282 1123 sua
303 1087 427 1134 sunt,
453 1081 535 1124 sed
557 1081 796 1136 quaeJesu
816 1078 986 1122 Christi
1011 1077 1062 1119 2¹!
1090 1079 1240 1120 Tanta
1257 1085 1326 1120 est
1344 1077 1418 1120 hic
1436 1091 1612 1130 eorum,
1633 1077 1710 1132 qui

60 1159 119 1202 ad
135 1158 271 1202 fidem
290 1157 498 1209 ueniunt,
520 1156 781 1208 multitudo,
803 1162 853 1198 ut
870 1154 979 1198 mihi
997 1169 1132 1211 saepe
1150 1155 1257 1197 dum
1276 1154 1473 1211 baptizo,
1495 1163 1713 1199 eneruata

65 1237 232 1288 labore,
270 1234 455 1278 brachia
486 1234 753 1290 fatigentur,
786 1247 936 1288 neque
962 1233 1020 1275 ob
1048 1232 1339 1275 raucedinem
1369 1233 1492 1289 loqui
1517 1233 1709 1286 ualeam,

59 1314 170 1357 dum
200 1312 334 1356 toties
363 1312 578 1355 articulos
606 1311 734 1363 fidei,
761 1312 919 1355 decem
951 1311 1180 1367 mandata,
1221 1310 1424 1365 aliasque
1462 1311 1709 1365 orationes,

61 1405 223 1435 eorum
245 1390 292 1432 in
320 1390 525 1446 linguam
556 1396 769 1441 mutatas,
802 1403 1020 1432 memoro:
1052 1389 1160 1430 dum
1190 1387 1299 1443 ipsis
1333 1389 1474 1432 uerba
1508 1388 1624 1431 facio
1657 1389 1715 1432 de

66 1470 152 1511 hoc
174 1467 373 1519 nomine,
400 1466 692 1519 christianus,
718 1465 827 1521 quid
850 1465 1095 1522 significet,
1121 1466 1178 1508 de
1200 1465 1426 1521 paradiso,
1452 1466 1510 1510 de
1538 1465 1712 1520 inferis,

65 1553 111 1591 et
134 1546 291 1601 quales
314 1544 405 1588 sint
428 1544 505 1600 qui
527 1546 634 1596 huc,
661 1544 819 1599 quales
842 1542 919 1598 qui
942 1542 1048 1585 illuc
1078 1542 1446 1598 proficiscuntur.
1480 1544 1716 1598 Frequen-

67 1623 239 1668 tissime
261 1630 414 1667 autem
438 1621 680 1665 simbolum
703 1628 749 1664 et
766 1622 980 1664 mandata
996 1621 1159 1664 doceo.
1182 1620 1365 1664 Accidit
1387 1636 1716 1676 nonnunquam

71 1709 119 1745 ut
143 1716 233 1744 uno
255 1708 300 1745 et
322 1701 482 1744 eodem
505 1699 579 1744 die
601 1706 747 1742 totum
772 1713 914 1742 unum
937 1697 1153 1755 oppidum
1175 1699 1417 1755 baptizem.
1445 1700 1493 1741 In
1525 1700 1610 1742 hac
1639 1714 1718 1743 ora

73 1778 259 1835 triginta
281 1785 390 1822 sunt
413 1778 551 1820 urbes
574 1776 943 1820 christianorum.

159 1856 281 1913 Quia
303 1856 598 1900 Gubernator
622 1854 775 1897 Indiae
797 1854 1041 1897 admodum
1065 1854 1239 1897 amicus
1261 1861 1331 1897 est
1354 1861 1535 1897 nostrae
1558 1855 1720 1900 Socie-

74 1933 169 1987 tati,
197 1933 426 1977 desiderat
455 1932 631 1988 aliquos
659 1947 714 1976 ex
744 1931 809 1976 eis
838 1933 929 1974 huc
961 1931 1133 1976 uenire:
1166 1947 1219 1975 ea
1247 1932 1303 1975 de
1333 1947 1380 1974 re
1418 1932 1577 1987 opinor
1615 1947 1719 1976 eum

147 2081 173 2100 ¹⁷
226 2077 455 2124 iaccientes,
474 2090 552 2112 ms.

145 2139 173 2159 '⁸
226 2138 337 2173 «Non
357 2143 507 2174 tantum
527 2137 788 2172 deliberatum
807 2136 944 2171 habuit
964 2135 1012 2170 ad
1030 2135 1269 2171 academiam
1289 2136 1552 2172 Parisiensem
1576 2137 1721 2173 scribe-

77 2210 132 2244 re,
153 2198 222 2233 sed
241 2203 281 2233 et
298 2197 428 2244 reipsa
447 2197 605 2243 scripsit
638 2196 696 2231 uti
715 2200 883 2231 testatus
903 2195 995 2241 [est]
1015 2196 1188 2241 Joannes
1207 2195 1255 2230 de
1274 2195 1397 2242 Rada,
1416 2196 1664 2232 consiliarius
1684 2201 1724 2232 et

73 2258 228 2294 auditor
246 2269 453 2304 supremus
476 2256 589 2303 regni
614 2257 828 2302 Navarrae,
855 2255 921 2302 qui
952 2261 1045 2290 tunc
1075 2254 1234 2290 Parisiis
1266 2256 1534 2303 philosophiae
1564 2269 1721 2304 operam

72 2317 208 2365 dabat,
227 2323 267 2353 et
285 2317 391 2353 illam
410 2317 572 2353 Xaverii
590 2316 797 2363 epistolam
816 2315 916 2351 vidit
935 2320 1043 2351 tanta
1061 2315 1319 2350 admiratione
1339 2316 1499 2363 spiritus
1517 2317 1622 2352 illius
1636 2328 1724 2365 apo-

73 2377 217 2422 stolici,
237 2383 280 2413 ut
298 2377 374 2413 sibi
392 2377 497 2413 illius
517 2378 716 2423 exemplar
740 2376 969 2423 procurarit,
994 2375 1099 2422 quod
1124 2380 1163 2410 et
1187 2375 1318 2411 fecere
1344 2376 1520 2424 plerique
1544 2377 1725 2413 doctores

75 2436 302 2473 Sorboniei.
327 2437 489 2474 Utinam
507 2438 605 2472 haec
624 2436 791 2483 epistola
810 2447 887 2471 non
905 2435 1188 2481 intercidisset,
1207 2436 1265 2471 uti
1284 2437 1429 2472 multae
1453 2437 1591 2472 aliae.»
1621 2437 1721 2474 Cod.

83 2497 131 2533 P.
158 2498 322 2534 Taisne.

154 2560 181 2580 ¹⁹
232 2559 335 2604 Mag.
357 2558 497 2593 Petrus
516 2556 565 2592 de
584 2556 795 2603 Cornibus,
815 2555 864 2593 O.
894 2556 930 2591 S.
961 2557 1023 2591 Fr.
1053 2554 1154 2591 Vide
1181 2556 1402 2603 POLANCO,
1433 2556 1606 2600 Chron.‚
1636 2564 1664 2594 t.
1693 2560 1709 2594 I

80 2630 175 2666 pag.
199 2628 257 2664 94:
279 2618 415 2665 Epist.
439 2617 608 2658 Mixtae‚
629 2621 658 2651 t.
678 2617 709 2661 I,
730 2627 822 2663 pag.
849 2615 932 2660 583.
1596 2641 1598 2643 .

151 2680 184 2700 2⁰
234 2679 308 2713 Dr.
333 2676 565 2712 Franciscus
584 2675 738 2721 Picard,
757 2688 874 2723 quem
893 2676 1102 2719 Polancus,
1122 2675 1161 2710 in
1183 2675 1350 2718 chron„
1371 2682 1399 2712 t.
1426 2678 1495 2723 IV,
1525 2689 1614 2724 pag.
1641 2677 1727 2725 323,

84 2749 123 2773 n.
140 2738 225 2784 691,
246 2737 473 2783 «egregium
492 2735 823 2780 concionatorem,
849 2735 1039 2770 Societati
1062 2735 1382 2782 amicissimum»,
1408 2738 1596 2783 appellat.
1627 2737 1728 2773 Vide

1717 2588 1725 2605 7

4 2800 5 2803 ’
46 2814 48 2816 v
85 2797 292 2845 praecipue
310 2798 392 2833 vol.
418 2797 454 2832 V
472 2796 650 2843 ejusdem
672 2795 876 2841 Clzronici,
895 2807 984 2842 pag.
1004 2794 1089 2841 335,
1108 2801 1244 2831 annot.
1272 2805 1305 2842 Ι,
1325 2802 1365 2832 et
1382 2797 1431 2832 de
1449 2797 1533 2844 ejus
1552 2810 1645 2844 erga
1661 2798 1729 2834 So-

80 2857 268 2894 cietatem
287 2869 418 2893 amore
437 2869 498 2903 ea,
517 2868 616 2903 quae
635 2855 896 2903 pulcherrime
916 2855 1060 2891 Sancto
1075 2856 1228 2901 Ignatio
1243 2856 1379 2892 scribit
1394 2857 1442 2892 P.
1463 2858 1729 2905 Hieronymus

86 2917 312 2953 Domenech
329 2917 369 2952 in
388 2918 466 2952 vol.
488 2917 694 2964 Epistolae
712 2916 879 2957 mactae,
899 2928 968 2963 pp.
993 2917 1062 2961 582
1081 2921 1121 2951 et
1140 2915 1226 2961 583.

156 2980 187 3000 ²¹
240 2976 411 3015 «Omnes
431 2976 535 3012 enim
554 2987 653 3023 quae
673 2987 742 3011 sua
767 2981 858 3011 sunt
876 2981 1083 3022 quaerunt,
1103 2988 1181 3011 non
1198 2989 1297 3023 quae
1316 2983 1408 3013 sunt
1439 2979 1524 3022 lesu
1545 2978 1730 3014 Christi».

88 3036 156 3072 AD
174 3038 350 3083 PH1L1P.,
369 3037 421 3080 II,
443 3045 503 3071 21.
