<?xml version="1.0" encoding="UTF-8"?>
<!DOCTYPE html PUBLIC "-//W3C//DTD XHTML 1.0 Transitional//EN"
    "http://www.w3.org/TR/xhtml1/DTD/xhtml1-transitional.dtd">
<html xmlns="http://www.w3.org/1999/xhtml" xml:lang="en" lang="en">
 <head>
  <title>
</title>
<meta http-equiv="Content-Type" content="text/html;charset=utf-8" />
  <meta name='ocr-system' content='tesseract 3.04.00' />
  <meta name='ocr-capabilities' content='ocr_page ocr_carea ocr_par ocr_line ocrx_word'/>
</head>
<body>
  <div class='ocr_page' id='page_1' title='image "./monumentaxaveria1601fran_0397.png"; bbox 0 0 2018 3510; ppageno 0'>
   <div class='ocr_carea' id='block_1_1' title="bbox 563 180 1664 226">
    <p class='ocr_par' dir='ltr' id='par_1_1' title="bbox 563 180 1664 226">
     <span class='ocr_line' id='line_1_1' title="bbox 563 180 1664 226; baseline 0 -10"><span class='ocrx_word' id='word_1_1' title='bbox 563 183 701 217; x_wconf 85' lang='lat' dir='ltr'><strong>EPIST.</strong></span> <span class='ocrx_word' id='word_1_2' title='bbox 728 184 884 226; x_wconf 76' lang='lat' dir='ltr'>4o.-2o</span> <span class='ocrx_word' id='word_1_3' title='bbox 911 181 1111 226; x_wconf 79' lang='lat' dir='ltr'><strong>JANUARII</strong></span> <span class='ocrx_word' id='word_1_4' title='bbox 1140 189 1229 225; x_wconf 80' lang='lat'>1544</span> <span class='ocrx_word' id='word_1_5' title='bbox 1599 180 1664 216; x_wconf 84' lang='lat'>361</span> 
     </span>
    </p>
   </div>
   <div class='ocr_carea' id='block_1_2' title="bbox 49 282 1720 1947">
    <p class='ocr_par' dir='ltr' id='par_1_2' title="bbox 49 282 1720 1947">
     <span class='ocr_line' id='line_1_2' title="bbox 82 282 1714 342; baseline -0.002 -14"><span class='ocrx_word' id='word_1_6' title='bbox 82 291 243 342; x_wconf 81' lang='lat' dir='ltr'>pergat</span> <span class='ocrx_word' id='word_1_7' title='bbox 266 283 307 328; x_wconf 88' lang='lat' dir='ltr'>ei</span> <span class='ocrx_word' id='word_1_8' title='bbox 331 284 498 336; x_wconf 88' lang='lat' dir='ltr'>favere,</span> <span class='ocrx_word' id='word_1_9' title='bbox 526 290 575 326; x_wconf 93' lang='lat' dir='ltr'>ut</span> <span class='ocrx_word' id='word_1_10' title='bbox 604 285 825 326; x_wconf 84' lang='lat' dir='ltr'>haetenus</span> <span class='ocrx_word' id='word_1_11' title='bbox 856 282 977 335; x_wconf 84' lang='lat' dir='ltr'>feeit,</span> <span class='ocrx_word' id='word_1_12' title='bbox 1014 298 1039 326; x_wconf 94' lang='lat' dir='ltr'>e</span> <span class='ocrx_word' id='word_1_13' title='bbox 1072 283 1191 325; x_wconf 94' lang='lat' dir='ltr'>bono</span> <span class='ocrx_word' id='word_1_14' title='bbox 1224 282 1428 338; x_wconf 81' lang='lat' dir='ltr'>proficiet</span> <span class='ocrx_word' id='word_1_15' title='bbox 1461 282 1507 324; x_wconf 92' lang='lat' dir='ltr'>in</span> <span class='ocrx_word' id='word_1_16' title='bbox 1539 283 1714 325; x_wconf 91' lang='lat' dir='ltr'>melius.</span> 
     </span>
     <span class='ocr_line' id='line_1_3' title="bbox 83 359 1717 417; baseline -0.002 -12"><span class='ocrx_word' id='word_1_17' title='bbox 83 363 161 405; x_wconf 85' lang='lat' dir='ltr'>Est</span> <span class='ocrx_word' id='word_1_18' title='bbox 196 361 400 417; x_wconf 79' lang='lat' dir='ltr'>profecto</span> <span class='ocrx_word' id='word_1_19' title='bbox 433 374 513 402; x_wconf 86' lang='lat' dir='ltr'>eur</span> <span class='ocrx_word' id='word_1_20' title='bbox 536 360 754 416; x_wconf 78' lang='lat' dir='ltr'>plurimae</span> <span class='ocrx_word' id='word_1_21' title='bbox 771 361 870 404; x_wconf 93' lang='lat' dir='ltr'>Deo</span> <span class='ocrx_word' id='word_1_22' title='bbox 903 359 1077 416; x_wconf 90' lang='lat' dir='ltr'>gratiae</span> <span class='ocrx_word' id='word_1_23' title='bbox 1110 366 1304 415; x_wconf 88' lang='lat' dir='ltr'>agantur</span> <span class='ocrx_word' id='word_1_24' title='bbox 1339 360 1397 401; x_wconf 93' lang='lat' dir='ltr'>ob</span> <span class='ocrx_word' id='word_1_25' title='bbox 1430 360 1626 402; x_wconf 79' lang='lat' dir='ltr'>fructum</span> <span class='ocrx_word' id='word_1_26' title='bbox 1661 360 1717 402; x_wconf 91' lang='lat' dir='ltr'>ad</span> 
     </span>
     <span class='ocr_line' id='line_1_4' title="bbox 83 435 1716 492; baseline -0.002 -10"><span class='ocrx_word' id='word_1_27' title='bbox 83 437 252 482; x_wconf 81' lang='lat' dir='ltr'>Christi</span> <span class='ocrx_word' id='word_1_28' title='bbox 288 436 469 480; x_wconf 89' lang='lat' dir='ltr'>Domini</span> <span class='ocrx_word' id='word_1_29' title='bbox 507 436 661 480; x_wconf 86' lang='lat' dir='ltr'>Nostri</span> <span class='ocrx_word' id='word_1_30' title='bbox 695 435 963 491; x_wconf 81' lang='lat' dir='ltr'>obsequium</span> <span class='ocrx_word' id='word_1_31' title='bbox 994 435 1227 492; x_wconf 88' lang='lat' dir='ltr'>ingentem</span> <span class='ocrx_word' id='word_1_32' title='bbox 1263 435 1340 490; x_wconf 90' lang='lat' dir='ltr'>qui</span> <span class='ocrx_word' id='word_1_33' title='bbox 1374 450 1429 478; x_wconf 84' lang='lat' dir='ltr'>ex</span> <span class='ocrx_word' id='word_1_34' title='bbox 1462 450 1515 477; x_wconf 94' lang='lat' dir='ltr'>eo</span> <span class='ocrx_word' id='word_1_35' title='bbox 1549 437 1716 479; x_wconf 79' lang='lat' dir='ltr'>Sancto</span> 
     </span>
     <span class='ocr_line' id='line_1_5' title="bbox 81 511 1714 570; baseline -0.002 -12"><span class='ocrx_word' id='word_1_36' title='bbox 81 513 288 570; x_wconf 89' lang='lat' dir='ltr'>Collegio</span> <span class='ocrx_word' id='word_1_37' title='bbox 311 513 477 556; x_wconf 77' lang='lat' dir='ltr'><strong>existit.</strong></span> <span class='ocrx_word' id='word_1_38' title='bbox 505 514 653 566; x_wconf 91' lang='lat' dir='ltr'>Vnde,</span> <span class='ocrx_word' id='word_1_39' title='bbox 681 521 730 556; x_wconf 90' lang='lat' dir='ltr'>ut</span> <span class='ocrx_word' id='word_1_40' title='bbox 752 528 855 569; x_wconf 90' lang='lat' dir='ltr'>spes</span> <span class='ocrx_word' id='word_1_41' title='bbox 878 520 947 555; x_wconf 92' lang='lat' dir='ltr'>est</span> <span class='ocrx_word' id='word_1_42' title='bbox 969 512 1239 564; x_wconf 90' lang='lat' dir='ltr'>verisimilis,</span> <span class='ocrx_word' id='word_1_43' title='bbox 1271 511 1427 568; x_wconf 82' lang='lat' dir='ltr'>paucis</span> <span class='ocrx_word' id='word_1_44' title='bbox 1458 512 1587 554; x_wconf 90' lang='lat' dir='ltr'>annis</span> <span class='ocrx_word' id='word_1_45' title='bbox 1616 527 1714 567; x_wconf 81' lang='lat' dir='ltr'>pro-</span> 
     </span>
     <span class='ocr_line' id='line_1_6' title="bbox 81 589 1717 647; baseline -0.002 -14"><span class='ocrx_word' id='word_1_46' title='bbox 81 591 217 633; x_wconf 90' lang='lat' dir='ltr'>dituri</span> <span class='ocrx_word' id='word_1_47' title='bbox 252 601 359 633; x_wconf 89' lang='lat' dir='ltr'>sunt</span> <span class='ocrx_word' id='word_1_48' title='bbox 390 590 474 633; x_wconf 87' lang='lat' dir='ltr'>viri</span> <span class='ocrx_word' id='word_1_49' title='bbox 501 590 718 647; x_wconf 83' lang='lat' dir='ltr'>Religiosi</span> <span class='ocrx_word' id='word_1_50' title='bbox 756 589 833 645; x_wconf 92' lang='lat' dir='ltr'>qui</span> <span class='ocrx_word' id='word_1_51' title='bbox 871 590 1145 633; x_wconf 88' lang='lat' dir='ltr'>Malabarem</span> <span class='ocrx_word' id='word_1_52' title='bbox 1169 589 1446 641; x_wconf 86' lang='lat' dir='ltr'>universum,</span> <span class='ocrx_word' id='word_1_53' title='bbox 1472 595 1717 643; x_wconf 89' lang='lat' dir='ltr'>quantum—</span> 
     </span>
     <span class='ocr_line' id='line_1_7' title="bbox 81 666 1717 723; baseline -0.002 -13"><span class='ocrx_word' id='word_1_54' title='bbox 81 682 274 723; x_wconf 84' lang='lat' dir='ltr'>cumque</span> <span class='ocrx_word' id='word_1_55' title='bbox 297 681 419 710; x_wconf 83' lang='lat' dir='ltr'>nune</span> <span class='ocrx_word' id='word_1_56' title='bbox 440 666 562 709; x_wconf 89' lang='lat' dir='ltr'>vitiis</span> <span class='ocrx_word' id='word_1_57' title='bbox 585 674 630 711; x_wconf 94' lang='lat' dir='ltr'>et</span> <span class='ocrx_word' id='word_1_58' title='bbox 653 666 880 711; x_wconf 89' lang='lat' dir='ltr'>erroribus</span> <span class='ocrx_word' id='word_1_59' title='bbox 908 681 1189 722; x_wconf 89' lang='lat' dir='ltr'>oppressum,</span> <span class='ocrx_word' id='word_1_60' title='bbox 1218 667 1275 708; x_wconf 93' lang='lat' dir='ltr'>ad</span> <span class='ocrx_word' id='word_1_61' title='bbox 1305 666 1523 721; x_wconf 91' lang='lat' dir='ltr'>pudorem</span> <span class='ocrx_word' id='word_1_62' title='bbox 1547 666 1717 707; x_wconf 85' lang='lat' dir='ltr'>saluta—</span> 
     </span>
     <span class='ocr_line' id='line_1_8' title="bbox 80 741 1717 796; baseline -0.002 -10"><span class='ocrx_word' id='word_1_63' title='bbox 80 759 174 788; x_wconf 91' lang='lat' dir='ltr'>rem</span> <span class='ocrx_word' id='word_1_64' title='bbox 203 744 273 787; x_wconf 92' lang='lat' dir='ltr'>sui</span> <span class='ocrx_word' id='word_1_65' title='bbox 303 743 454 788; x_wconf 92' lang='lat' dir='ltr'>miseri</span> <span class='ocrx_word' id='word_1_66' title='bbox 492 751 638 787; x_wconf 89' lang='lat' dir='ltr'>status</span> <span class='ocrx_word' id='word_1_67' title='bbox 674 743 765 786; x_wconf 90' lang='lat' dir='ltr'>sint</span> <span class='ocrx_word' id='word_1_68' title='bbox 800 742 1057 796; x_wconf 81' lang='lat' dir='ltr'>adducturi3</span> <span class='ocrx_word' id='word_1_69' title='bbox 1098 750 1143 787; x_wconf 90' lang='lat' dir='ltr'>et</span> <span class='ocrx_word' id='word_1_70' title='bbox 1180 742 1328 786; x_wconf 84' lang='lat' dir='ltr'>caeeis</span> <span class='ocrx_word' id='word_1_71' title='bbox 1357 742 1454 785; x_wconf 90' lang='lat' dir='ltr'>istis</span> <span class='ocrx_word' id='word_1_72' title='bbox 1489 741 1717 784; x_wconf 89' lang='lat' dir='ltr'>mentibus</span> 
     </span>
     <span class='ocr_line' id='line_1_9' title="bbox 81 819 1718 874; baseline -0.003 -10"><span class='ocrx_word' id='word_1_73' title='bbox 81 820 248 864; x_wconf 85' lang='lat' dir='ltr'>Christi</span> <span class='ocrx_word' id='word_1_74' title='bbox 285 820 468 863; x_wconf 89' lang='lat' dir='ltr'>Domini</span> <span class='ocrx_word' id='word_1_75' title='bbox 506 820 661 864; x_wconf 82' lang='lat' dir='ltr'>Nostri</span> <span class='ocrx_word' id='word_1_76' title='bbox 691 821 840 865; x_wconf 85' lang='lat' dir='ltr'>lucem</span> <span class='ocrx_word' id='word_1_77' title='bbox 878 819 1060 872; x_wconf 79' lang='lat' dir='ltr'>illaturi,</span> <span class='ocrx_word' id='word_1_78' title='bbox 1101 819 1521 874; x_wconf 85' lang='lat' dir='ltr'>manifestaturique</span> <span class='ocrx_word' id='word_1_79' title='bbox 1554 833 1718 862; x_wconf 90' lang='lat' dir='ltr'>nomen</span> 
     </span>
     <span class='ocr_line' id='line_1_10' title="bbox 79 895 1715 954; baseline -0.003 -13"><span class='ocrx_word' id='word_1_80' title='bbox 79 898 192 950; x_wconf 88' lang='lat' dir='ltr'>eius,</span> <span class='ocrx_word' id='word_1_81' title='bbox 219 912 355 953; x_wconf 89' lang='lat' dir='ltr'>opera</span> <span class='ocrx_word' id='word_1_82' title='bbox 387 904 432 940; x_wconf 91' lang='lat' dir='ltr'>et</span> <span class='ocrx_word' id='word_1_83' title='bbox 463 897 711 942; x_wconf 88' lang='lat' dir='ltr'>ministerio</span> <span class='ocrx_word' id='word_1_84' title='bbox 741 898 1064 954; x_wconf 83' lang='lat' dir='ltr'>discipulorum</span> <span class='ocrx_word' id='word_1_85' title='bbox 1099 897 1246 941; x_wconf 87' lang='lat' dir='ltr'>Patris</span> <span class='ocrx_word' id='word_1_86' title='bbox 1276 897 1447 940; x_wconf 80' lang='lat' dir='ltr'>Fratris</span> <span class='ocrx_word' id='word_1_87' title='bbox 1469 895 1715 940; x_wconf 82' lang='lat' dir='ltr'>Vincentii.</span> 
     </span>
     <span class='ocr_line' id='line_1_11' title="bbox 81 974 1718 1032; baseline -0.002 -14"><span class='ocrx_word' id='word_1_88' title='bbox 81 976 178 1018; x_wconf 90' lang='lat' dir='ltr'>Oro</span> <span class='ocrx_word' id='word_1_89' title='bbox 202 982 247 1017; x_wconf 89' lang='lat' dir='ltr'>et</span> <span class='ocrx_word' id='word_1_90' title='bbox 270 976 459 1019; x_wconf 87' lang='lat' dir='ltr'>obsecro</span> <span class='ocrx_word' id='word_1_91' title='bbox 482 975 566 1018; x_wconf 91' lang='lat' dir='ltr'>Dei</span> <span class='ocrx_word' id='word_1_92' title='bbox 590 989 727 1018; x_wconf 84' lang='lat' dir='ltr'>eausa</span> <span class='ocrx_word' id='word_1_93' title='bbox 749 975 965 1032; x_wconf 83' lang='lat' dir='ltr'>dignetur</span> <span class='ocrx_word' id='word_1_94' title='bbox 987 975 1028 1018; x_wconf 93' lang='lat' dir='ltr'>ei</span> <span class='ocrx_word' id='word_1_95' title='bbox 1052 975 1203 1018; x_wconf 65' lang='lat' dir='ltr'>fauere</span> <span class='ocrx_word' id='word_1_96' title='bbox 1240 974 1452 1018; x_wconf 76' lang='lat' dir='ltr'>Maiestas</span> <span class='ocrx_word' id='word_1_97' title='bbox 1481 975 1596 1027; x_wconf 88' lang='lat' dir='ltr'>Tua,</span> <span class='ocrx_word' id='word_1_98' title='bbox 1624 980 1718 1015; x_wconf 90' lang='lat' dir='ltr'>turn</span> 
     </span>
     <span class='ocr_line' id='line_1_12' title="bbox 78 1049 1719 1109; baseline -0.002 -14"><span class='ocrx_word' id='word_1_99' title='bbox 78 1059 256 1095; x_wconf 88' lang='lat' dir='ltr'>caetera</span> <span class='ocrx_word' id='word_1_100' title='bbox 278 1052 663 1096; x_wconf 87' lang='lat' dir='ltr'>demonstratione</span> <span class='ocrx_word' id='word_1_101' title='bbox 691 1052 846 1109; x_wconf 81' lang='lat' dir='ltr'>regiae</span> <span class='ocrx_word' id='word_1_102' title='bbox 868 1052 1179 1109; x_wconf 82' lang='lat' dir='ltr'>benignitatis,</span> <span class='ocrx_word' id='word_1_103' title='bbox 1206 1059 1301 1095; x_wconf 91' lang='lat' dir='ltr'>tum</span> <span class='ocrx_word' id='word_1_104' title='bbox 1324 1051 1605 1107; x_wconf 89' lang='lat' dir='ltr'>indulgendo</span> <span class='ocrx_word' id='word_1_105' title='bbox 1635 1049 1719 1105; x_wconf 89' lang='lat' dir='ltr'>ipsi</span> 
     </span>
     <span class='ocr_line' id='line_1_13' title="bbox 79 1126 1718 1186; baseline -0.002 -14"><span class='ocrx_word' id='word_1_106' title='bbox 79 1130 411 1185; x_wconf 87' lang='lat' dir='ltr'>eleemosynam</span> <span class='ocrx_word' id='word_1_107' title='bbox 435 1144 569 1185; x_wconf 89' lang='lat' dir='ltr'>quam</span> <span class='ocrx_word' id='word_1_108' title='bbox 591 1130 718 1186; x_wconf 89' lang='lat' dir='ltr'>petit.</span> <span class='ocrx_word' id='word_1_109' title='bbox 753 1129 1135 1185; x_wconf 77' lang='lat' dir='ltr'>Quandoquidem</span> <span class='ocrx_word' id='word_1_110' title='bbox 1164 1128 1211 1171; x_wconf 93' lang='lat' dir='ltr'>in</span> <span class='ocrx_word' id='word_1_111' title='bbox 1239 1129 1309 1171; x_wconf 91' lang='lat' dir='ltr'>his</span> <span class='ocrx_word' id='word_1_112' title='bbox 1337 1128 1490 1171; x_wconf 90' lang='lat' dir='ltr'>Indiae</span> <span class='ocrx_word' id='word_1_113' title='bbox 1519 1126 1718 1183; x_wconf 89' lang='lat' dir='ltr'>regioni-</span> 
     </span>
     <span class='ocr_line' id='line_1_14' title="bbox 79 1203 1720 1262; baseline -0.002 -13"><span class='ocrx_word' id='word_1_114' title='bbox 79 1207 164 1249; x_wconf 86' lang='lat' dir='ltr'>bus</span> <span class='ocrx_word' id='word_1_115' title='bbox 186 1221 317 1262; x_wconf 88' lang='lat' dir='ltr'>spero</span> <span class='ocrx_word' id='word_1_116' title='bbox 339 1221 410 1249; x_wconf 91' lang='lat' dir='ltr'>me</span> <span class='ocrx_word' id='word_1_117' title='bbox 433 1206 552 1250; x_wconf 92' lang='lat' dir='ltr'>diem</span> <span class='ocrx_word' id='word_1_118' title='bbox 576 1215 827 1251; x_wconf 84' lang='lat' dir='ltr'>extremum</span> <span class='ocrx_word' id='word_1_119' title='bbox 850 1207 1096 1259; x_wconf 87' lang='lat' dir='ltr'>obiturum;</span> <span class='ocrx_word' id='word_1_120' title='bbox 1123 1221 1207 1250; x_wconf 87' lang='lat' dir='ltr'>nec</span> <span class='ocrx_word' id='word_1_121' title='bbox 1226 1221 1438 1261; x_wconf 91' lang='lat' dir='ltr'>umquam</span> <span class='ocrx_word' id='word_1_122' title='bbox 1461 1205 1507 1247; x_wconf 91' lang='lat' dir='ltr'>in</span> <span class='ocrx_word' id='word_1_123' title='bbox 1524 1206 1610 1247; x_wconf 83' lang='lat' dir='ltr'>hae</span> <span class='ocrx_word' id='word_1_124' title='bbox 1626 1203 1720 1245; x_wconf 89' lang='lat' dir='ltr'>vita</span> 
     </span>
     <span class='ocr_line' id='line_1_15' title="bbox 49 1280 1719 1339; baseline -0.001 -15"><span class='ocrx_word' id='word_1_125' title='bbox 49 1320 52 1324; x_wconf 91' lang='lat'><em>.</em></span> <span class='ocrx_word' id='word_1_126' title='bbox 79 1282 280 1326; x_wconf 92' lang='lat' dir='ltr'>visurum</span> <span class='ocrx_word' id='word_1_127' title='bbox 320 1283 603 1326; x_wconf 88' lang='lat' dir='ltr'>Maiestatem</span> <span class='ocrx_word' id='word_1_128' title='bbox 642 1286 804 1337; x_wconf 92' lang='lat' dir='ltr'>Tuam,</span> <span class='ocrx_word' id='word_1_129' title='bbox 835 1284 1001 1328; x_wconf 87' lang='lat' dir='ltr'>adiuva</span> <span class='ocrx_word' id='word_1_130' title='bbox 1032 1300 1104 1328; x_wconf 92' lang='lat' dir='ltr'>me</span> <span class='ocrx_word' id='word_1_131' title='bbox 1141 1298 1328 1339; x_wconf 86' lang='lat' dir='ltr'>quaeso,</span> <span class='ocrx_word' id='word_1_132' title='bbox 1364 1282 1574 1334; x_wconf 89' lang='lat' dir='ltr'>Domine,</span> <span class='ocrx_word' id='word_1_133' title='bbox 1608 1280 1719 1323; x_wconf 90' lang='lat' dir='ltr'>Tuis</span> 
     </span>
     <span class='ocr_line' id='line_1_16' title="bbox 77 1359 1717 1416; baseline -0.002 -13"><span class='ocrx_word' id='word_1_134' title='bbox 77 1359 376 1413; x_wconf 87' lang='lat' dir='ltr'>orationibus,</span> <span class='ocrx_word' id='word_1_135' title='bbox 408 1363 458 1402; x_wconf 77' lang='lat' dir='ltr'>ut</span> <span class='ocrx_word' id='word_1_136' title='bbox 483 1360 528 1403; x_wconf 93' lang='lat' dir='ltr'>in</span> <span class='ocrx_word' id='word_1_137' title='bbox 558 1362 699 1405; x_wconf 91' lang='lat' dir='ltr'>altera</span> <span class='ocrx_word' id='word_1_138' title='bbox 726 1361 836 1413; x_wconf 87' lang='lat' dir='ltr'>vita,</span> <span class='ocrx_word' id='word_1_139' title='bbox 863 1375 967 1403; x_wconf 85' lang='lat' dir='ltr'>oum</span> <span class='ocrx_word' id='word_1_140' title='bbox 995 1361 1151 1404; x_wconf 89' lang='lat' dir='ltr'>maiori</span> <span class='ocrx_word' id='word_1_141' title='bbox 1183 1361 1340 1416; x_wconf 88' lang='lat' dir='ltr'>utique</span> <span class='ocrx_word' id='word_1_142' title='bbox 1373 1359 1524 1415; x_wconf 89' lang='lat' dir='ltr'>quiete</span> <span class='ocrx_word' id='word_1_143' title='bbox 1557 1373 1717 1413; x_wconf 87' lang='lat' dir='ltr'>quam—</span> 
     </span>
     <span class='ocr_line' id='line_1_17' title="bbox 79 1435 1718 1495; baseline -0.002 -15"><span class='ocrx_word' id='word_1_144' title='bbox 79 1452 195 1493; x_wconf 88' lang='lat' dir='ltr'>quae</span> <span class='ocrx_word' id='word_1_145' title='bbox 223 1452 345 1480; x_wconf 86' lang='lat' dir='ltr'>nuno</span> <span class='ocrx_word' id='word_1_146' title='bbox 374 1445 458 1490; x_wconf 92' lang='lat' dir='ltr'>est,</span> <span class='ocrx_word' id='word_1_147' title='bbox 492 1438 727 1482; x_wconf 87' lang='lat' dir='ltr'>videamus</span> <span class='ocrx_word' id='word_1_148' title='bbox 765 1438 976 1492; x_wconf 82' lang='lat' dir='ltr'>invioem3</span> <span class='ocrx_word' id='word_1_149' title='bbox 1018 1439 1290 1495; x_wconf 85' lang='lat' dir='ltr'>postulando</span> <span class='ocrx_word' id='word_1_150' title='bbox 1326 1455 1352 1482; x_wconf 92' lang='lat' dir='ltr'>a</span> <span class='ocrx_word' id='word_1_151' title='bbox 1387 1440 1484 1481; x_wconf 92' lang='lat' dir='ltr'>Deo</span> <span class='ocrx_word' id='word_1_152' title='bbox 1522 1435 1718 1479; x_wconf 89' lang='lat' dir='ltr'>Domino</span> 
     </span>
     <span class='ocr_line' id='line_1_18' title="bbox 79 1515 1714 1572; baseline -0.002 -14"><span class='ocrx_word' id='word_1_153' title='bbox 79 1516 243 1558; x_wconf 86' lang='lat' dir='ltr'>Nostro</span> <span class='ocrx_word' id='word_1_154' title='bbox 266 1529 347 1571; x_wconf 90' lang='lat' dir='ltr'>pro</span> <span class='ocrx_word' id='word_1_155' title='bbox 370 1530 441 1558; x_wconf 93' lang='lat' dir='ltr'>me</span> <span class='ocrx_word' id='word_1_156' title='bbox 470 1515 588 1559; x_wconf 90' lang='lat' dir='ltr'>idem</span> <span class='ocrx_word' id='word_1_157' title='bbox 617 1517 739 1572; x_wconf 87' lang='lat' dir='ltr'>quod</span> <span class='ocrx_word' id='word_1_158' title='bbox 771 1518 871 1572; x_wconf 90' lang='lat' dir='ltr'>Ego</span> <span class='ocrx_word' id='word_1_159' title='bbox 900 1516 1099 1559; x_wconf 85' lang='lat' dir='ltr'>vicissim</span> <span class='ocrx_word' id='word_1_160' title='bbox 1128 1530 1208 1572; x_wconf 89' lang='lat' dir='ltr'>pro</span> <span class='ocrx_word' id='word_1_161' title='bbox 1239 1515 1477 1560; x_wconf 87' lang='lat' dir='ltr'>Maiestate</span> <span class='ocrx_word' id='word_1_162' title='bbox 1507 1516 1606 1556; x_wconf 89' lang='lat' dir='ltr'>Tua</span> <span class='ocrx_word' id='word_1_163' title='bbox 1635 1527 1714 1569; x_wconf 83' lang='lat' dir='ltr'>po—</span> 
     </span>
     <span class='ocr_line' id='line_1_19' title="bbox 78 1589 1719 1653; baseline -0.002 -18"><span class='ocrx_word' id='word_1_164' title='bbox 78 1593 213 1645; x_wconf 89' lang='lat' dir='ltr'>stulo;</span> <span class='ocrx_word' id='word_1_165' title='bbox 240 1607 403 1650; x_wconf 89' lang='lat' dir='ltr'>nempe</span> <span class='ocrx_word' id='word_1_166' title='bbox 426 1601 476 1637; x_wconf 94' lang='lat' dir='ltr'>ut</span> <span class='ocrx_word' id='word_1_167' title='bbox 498 1595 543 1637; x_wconf 90' lang='lat' dir='ltr'>in</span> <span class='ocrx_word' id='word_1_168' title='bbox 565 1595 650 1637; x_wconf 87' lang='lat' dir='ltr'>hao</span> <span class='ocrx_word' id='word_1_169' title='bbox 674 1595 768 1638; x_wconf 89' lang='lat' dir='ltr'>vita</span> <span class='ocrx_word' id='word_1_170' title='bbox 790 1597 868 1639; x_wconf 90' lang='lat' dir='ltr'>det</span> <span class='ocrx_word' id='word_1_171' title='bbox 891 1596 993 1640; x_wconf 88' lang='lat' dir='ltr'>Tibi</span> <span class='ocrx_word' id='word_1_172' title='bbox 1022 1596 1214 1653; x_wconf 84' lang='lat' dir='ltr'>gratiam</span> <span class='ocrx_word' id='word_1_173' title='bbox 1237 1592 1462 1639; x_wconf 89' lang='lat' dir='ltr'>sentiendi</span> <span class='ocrx_word' id='word_1_174' title='bbox 1485 1599 1531 1636; x_wconf 91' lang='lat' dir='ltr'>et</span> <span class='ocrx_word' id='word_1_175' title='bbox 1553 1589 1719 1647; x_wconf 84' lang='lat' dir='ltr'>agendi</span> 
     </span>
     <span class='ocr_line' id='line_1_20' title="bbox 80 1668 1515 1731; baseline 0.001 -20"><span class='ocrx_word' id='word_1_176' title='bbox 80 1668 123 1711; x_wconf 89' lang='lat' dir='ltr'>id</span> <span class='ocrx_word' id='word_1_177' title='bbox 146 1671 270 1725; x_wconf 90' lang='lat' dir='ltr'>quod</span> <span class='ocrx_word' id='word_1_178' title='bbox 293 1670 339 1713; x_wconf 91' lang='lat' dir='ltr'>in</span> <span class='ocrx_word' id='word_1_179' title='bbox 368 1679 599 1715; x_wconf 91' lang='lat' dir='ltr'>momento</span> <span class='ocrx_word' id='word_1_180' title='bbox 635 1673 762 1717; x_wconf 89' lang='lat' dir='ltr'>Tuae</span> <span class='ocrx_word' id='word_1_181' title='bbox 795 1673 952 1717; x_wconf 88' lang='lat' dir='ltr'>mortis</span> <span class='ocrx_word' id='word_1_182' title='bbox 985 1675 1210 1731; x_wconf 88' lang='lat' dir='ltr'>gauderes</span> <span class='ocrx_word' id='word_1_183' title='bbox 1244 1675 1309 1716; x_wconf 93' lang='lat' dir='ltr'>Te</span> <span class='ocrx_word' id='word_1_184' title='bbox 1339 1669 1515 1715; x_wconf 84' lang='lat' dir='ltr'>fecisse.</span> 
     </span>
     <span class='ocr_line' id='line_1_21' title="bbox 164 1747 1336 1795; baseline 0.002 -5"><span class='ocrx_word' id='word_1_185' title='bbox 164 1747 337 1791; x_wconf 84' lang='lat' dir='ltr'>Coeino</span> <span class='ocrx_word' id='word_1_186' title='bbox 361 1750 480 1792; x_wconf 85' lang='lat' dir='ltr'><strong>XIII.</strong></span> <span class='ocrx_word' id='word_1_187' title='bbox 508 1750 608 1793; x_wconf 90' lang='lat' dir='ltr'>Kal.</span> <span class='ocrx_word' id='word_1_188' title='bbox 638 1751 911 1794; x_wconf 90' lang='lat' dir='ltr'>Februarias</span> <span class='ocrx_word' id='word_1_189' title='bbox 937 1753 1074 1795; x_wconf 87' lang='lat' dir='ltr'>Anno</span> <span class='ocrx_word' id='word_1_190' title='bbox 1100 1752 1336 1794; x_wconf 90' lang='lat' dir='ltr'>MDXLV.</span> 
     </span>
     <span class='ocr_line' id='line_1_22' title="bbox 747 1828 1358 1879; baseline -0.005 -8"><span class='ocrx_word' id='word_1_191' title='bbox 747 1829 875 1872; x_wconf 91' lang='lat' dir='ltr'>Tuae</span> <span class='ocrx_word' id='word_1_192' title='bbox 898 1828 1149 1872; x_wconf 89' lang='lat' dir='ltr'>Maiestatis</span> <span class='ocrx_word' id='word_1_193' title='bbox 1171 1829 1358 1879; x_wconf 90' lang='lat' dir='ltr'>Servus,</span> 
     </span>
     <span class='ocr_line' id='line_1_23' title="bbox 1168 1905 1461 1947; baseline -0.01 0"><span class='ocrx_word' id='word_1_194' title='bbox 1168 1905 1461 1947; x_wconf 74' lang='lat' dir='ltr'>Franciscus.</span> 
     </span>
    </p>
   </div>
   <div class='ocr_carea' id='block_1_3' title="bbox 77 2055 1720 2466">
    <p class='ocr_par' dir='ltr' id='par_1_3' title="bbox 77 2055 1720 2466">
     <span class='ocr_line' id='line_1_24' title="bbox 79 2055 1712 2106; baseline -0.002 -15"><span class='ocrx_word' id='word_1_195' title='bbox 79 2067 166 2103; x_wconf 88' lang='lat' dir='ltr'>pag.</span> <span class='ocrx_word' id='word_1_196' title='bbox 187 2055 245 2102; x_wconf 82' lang='lat'>33,</span> <span class='ocrx_word' id='word_1_197' title='bbox 267 2063 404 2093; x_wconf 87' lang='lat' dir='ltr'>annot.</span> <span class='ocrx_word' id='word_1_198' title='bbox 429 2057 488 2104; x_wconf 88' lang='lat'>62,</span> <span class='ocrx_word' id='word_1_199' title='bbox 509 2059 565 2094; x_wconf 90' lang='lat' dir='ltr'>sic</span> <span class='ocrx_word' id='word_1_200' title='bbox 583 2058 632 2094; x_wconf 91' lang='lat' dir='ltr'>de</span> <span class='ocrx_word' id='word_1_201' title='bbox 651 2059 987 2106; x_wconf 86' lang='lat' dir='ltr'>Cranganorensis</span> <span class='ocrx_word' id='word_1_202' title='bbox 1006 2059 1164 2106; x_wconf 89' lang='lat' dir='ltr'>collegii</span> <span class='ocrx_word' id='word_1_203' title='bbox 1183 2057 1431 2094; x_wconf 86' lang='lat' dir='ltr'>institutione</span> <span class='ocrx_word' id='word_1_204' title='bbox 1455 2055 1611 2090; x_wconf 87' lang='lat' dir='ltr'>dieitur:</span> <span class='ocrx_word' id='word_1_205' title='bbox 1635 2055 1712 2088; x_wconf 87' lang='lat' dir='ltr'>«Fo</span> 
     </span>
     <span class='ocr_line' id='line_1_25' title="bbox 78 2114 1720 2166; baseline -0.002 -15"><span class='ocrx_word' id='word_1_206' title='bbox 78 2115 280 2152; x_wconf 89' lang='lat' dir='ltr'>instituido</span> <span class='ocrx_word' id='word_1_207' title='bbox 299 2123 384 2153; x_wconf 86' lang='lat' dir='ltr'>este</span> <span class='ocrx_word' id='word_1_208' title='bbox 402 2118 569 2164; x_wconf 87' lang='lat' dir='ltr'>collegio</span> <span class='ocrx_word' id='word_1_209' title='bbox 589 2131 650 2154; x_wconf 90' lang='lat' dir='ltr'>em</span> <span class='ocrx_word' id='word_1_210' title='bbox 672 2127 763 2165; x_wconf 84' lang='lat'>1540</span> <span class='ocrx_word' id='word_1_211' title='bbox 781 2132 850 2166; x_wconf 91' lang='lat' dir='ltr'>por</span> <span class='ocrx_word' id='word_1_212' title='bbox 868 2120 919 2156; x_wconf 85' lang='lat' dir='ltr'>fr.</span> <span class='ocrx_word' id='word_1_213' title='bbox 941 2121 1108 2156; x_wconf 85' lang='lat' dir='ltr'>Vieente</span> <span class='ocrx_word' id='word_1_214' title='bbox 1128 2119 1177 2154; x_wconf 94' lang='lat' dir='ltr'>de</span> <span class='ocrx_word' id='word_1_215' title='bbox 1201 2119 1344 2164; x_wconf 86' lang='lat' dir='ltr'>Lagos,</span> <span class='ocrx_word' id='word_1_216' title='bbox 1365 2128 1441 2163; x_wconf 92' lang='lat' dir='ltr'>que</span> <span class='ocrx_word' id='word_1_217' title='bbox 1466 2127 1488 2150; x_wconf 89' lang='grc' dir='ltr'>ο</span> <span class='ocrx_word' id='word_1_218' title='bbox 1513 2114 1680 2150; x_wconf 87' lang='lat' dir='ltr'>dedicou</span> <span class='ocrx_word' id='word_1_219' title='bbox 1698 2125 1720 2148; x_wconf 92' lang='lat' dir='ltr'>a</span> 
     </span>
     <span class='ocr_line' id='line_1_26' title="bbox 80 2172 1719 2225; baseline -0.002 -15"><span class='ocrx_word' id='word_1_220' title='bbox 80 2174 125 2211; x_wconf 90' lang='lat' dir='ltr'>S.</span> <span class='ocrx_word' id='word_1_221' title='bbox 147 2176 296 2222; x_wconf 86' lang='lat' dir='ltr'>Thiago</span> <span class='ocrx_word' id='word_1_222' title='bbox 315 2189 336 2212; x_wconf 88' lang='lat' dir='ltr'>e</span> <span class='ocrx_word' id='word_1_223' title='bbox 361 2177 544 2213; x_wconf 87' lang='lat' dir='ltr'>destinou</span> <span class='ocrx_word' id='word_1_224' title='bbox 567 2190 659 2225; x_wconf 83' lang='lat' dir='ltr'>para</span> <span class='ocrx_word' id='word_1_225' title='bbox 686 2180 805 2214; x_wconf 88' lang='lat' dir='ltr'>n&#39;elle</span> <span class='ocrx_word' id='word_1_226' title='bbox 830 2192 958 2215; x_wconf 87' lang='lat' dir='ltr'>serem</span> <span class='ocrx_word' id='word_1_227' title='bbox 984 2179 1180 2215; x_wconf 81' lang='lat' dir='ltr'>educados</span> <span class='ocrx_word' id='word_1_228' title='bbox 1207 2178 1253 2213; x_wconf 92' lang='lat'>80</span> <span class='ocrx_word' id='word_1_229' title='bbox 1280 2176 1505 2220; x_wconf 85' lang='lat' dir='ltr'>mancebos‚</span> <span class='ocrx_word' id='word_1_230' title='bbox 1531 2174 1645 2208; x_wconf 89' lang='lat' dir='ltr'>filhos</span> <span class='ocrx_word' id='word_1_231' title='bbox 1670 2172 1719 2207; x_wconf 91' lang='lat' dir='ltr'>de</span> 
     </span>
     <span class='ocr_line' id='line_1_27' title="bbox 78 2233 1719 2284; baseline -0.002 -14"><span class='ocrx_word' id='word_1_232' title='bbox 78 2235 231 2280; x_wconf 88' lang='lat' dir='ltr'>gentios</span> <span class='ocrx_word' id='word_1_233' title='bbox 247 2237 510 2283; x_wconf 79' lang='lat' dir='ltr'>convertidos,</span> <span class='ocrx_word' id='word_1_234' title='bbox 530 2249 551 2272; x_wconf 87' lang='lat' dir='ltr'>a</span> <span class='ocrx_word' id='word_1_235' title='bbox 575 2250 691 2284; x_wconf 88' lang='lat' dir='ltr'>quern</span> <span class='ocrx_word' id='word_1_236' title='bbox 711 2250 753 2274; x_wconf 91' lang='lat' dir='ltr'>se</span> <span class='ocrx_word' id='word_1_237' title='bbox 773 2240 960 2275; x_wconf 83' lang='lat' dir='ltr'>ensinava</span> <span class='ocrx_word' id='word_1_238' title='bbox 979 2239 1102 2284; x_wconf 85' lang='lat' dir='ltr'>latim,</span> <span class='ocrx_word' id='word_1_239' title='bbox 1129 2239 1253 2274; x_wconf 86' lang='lat' dir='ltr'>theol.</span> <span class='ocrx_word' id='word_1_240' title='bbox 1287 2249 1307 2272; x_wconf 91' lang='lat' dir='ltr'>e</span> <span class='ocrx_word' id='word_1_241' title='bbox 1333 2247 1375 2271; x_wconf 89' lang='lat' dir='ltr'>as</span> <span class='ocrx_word' id='word_1_242' title='bbox 1399 2246 1533 2280; x_wconf 83' lang='lat' dir='ltr'>regras</span> <span class='ocrx_word' id='word_1_243' title='bbox 1557 2233 1606 2268; x_wconf 91' lang='lat' dir='ltr'>do</span> <span class='ocrx_word' id='word_1_244' title='bbox 1631 2243 1719 2267; x_wconf 87' lang='lat' dir='ltr'>can—</span> 
     </span>
     <span class='ocr_line' id='line_1_28' title="bbox 80 2295 1719 2344; baseline -0.002 -15"><span class='ocrx_word' id='word_1_245' title='bbox 80 2295 227 2340; x_wconf 67' lang='lat' dir='ltr'>toch503</span> <span class='ocrx_word' id='word_1_246' title='bbox 244 2297 575 2342; x_wconf 88' lang='lat' dir='ltr'>primitivamente</span> <span class='ocrx_word' id='word_1_247' title='bbox 590 2299 850 2334; x_wconf 82' lang='lat' dir='ltr'>mantinha-se</span> <span class='ocrx_word' id='word_1_248' title='bbox 869 2302 890 2335; x_wconf 70' lang='lat' dir='ltr'>a</span> <span class='ocrx_word' id='word_1_249' title='bbox 903 2305 1014 2335; x_wconf 82' lang='lat' dir='ltr'>eusta</span> <span class='ocrx_word' id='word_1_250' title='bbox 1028 2300 1076 2334; x_wconf 88' lang='lat' dir='ltr'>de</span> <span class='ocrx_word' id='word_1_251' title='bbox 1091 2300 1271 2342; x_wconf 78' lang='lat' dir='ltr'>esmolas3</span> <span class='ocrx_word' id='word_1_252' title='bbox 1287 2295 1613 2344; x_wconf 85' lang='lat' dir='ltr'>posteriormente</span> <span class='ocrx_word' id='word_1_253' title='bbox 1629 2297 1719 2327; x_wconf 90' lang='lat' dir='ltr'>teve</span> 
     </span>
     <span class='ocr_line' id='line_1_29' title="bbox 77 2352 1720 2406; baseline -0.002 -17"><span class='ocrx_word' id='word_1_254' title='bbox 77 2352 236 2401; x_wconf 66' lang='lat' dir='ltr'>dotaoao</span> <span class='ocrx_word' id='word_1_255' title='bbox 254 2356 302 2390; x_wconf 87' lang='lat' dir='ltr'>da</span> <span class='ocrx_word' id='word_1_256' title='bbox 325 2355 489 2392; x_wconf 79' lang='lat' dir='ltr'>fazenda</span> <span class='ocrx_word' id='word_1_257' title='bbox 513 2357 562 2392; x_wconf 91' lang='lat' dir='ltr'>de</span> <span class='ocrx_word' id='word_1_258' title='bbox 587 2358 685 2402; x_wconf 81' lang='lat' dir='ltr'>Goa3</span> <span class='ocrx_word' id='word_1_259' title='bbox 707 2357 757 2394; x_wconf 82' lang='lat' dir='ltr'>fr.</span> <span class='ocrx_word' id='word_1_260' title='bbox 786 2359 953 2394; x_wconf 82' lang='lat' dir='ltr'>Vieente</span> <span class='ocrx_word' id='word_1_261' title='bbox 972 2359 1025 2394; x_wconf 84' lang='lat' dir='ltr'>foi</span> <span class='ocrx_word' id='word_1_262' title='bbox 1044 2371 1066 2394; x_wconf 93' lang='lat'><em>0</em></span> <span class='ocrx_word' id='word_1_263' title='bbox 1085 2357 1267 2406; x_wconf 88' lang='lat' dir='ltr'>primeiro</span> <span class='ocrx_word' id='word_1_264' title='bbox 1298 2355 1495 2403; x_wconf 87' lang='lat' dir='ltr'>professor</span> <span class='ocrx_word' id='word_1_265' title='bbox 1512 2353 1639 2388; x_wconf 85' lang='lat' dir='ltr'>d&#39;este</span> <span class='ocrx_word' id='word_1_266' title='bbox 1660 2363 1720 2386; x_wconf 89' lang='lat' dir='ltr'>es-</span> 
     </span>
     <span class='ocr_line' id='line_1_30' title="bbox 79 2412 1720 2466; baseline -0.001 -19"><span class='ocrx_word' id='word_1_267' title='bbox 79 2413 379 2450; x_wconf 86' lang='lat' dir='ltr'>tabelecimento</span> <span class='ocrx_word' id='word_1_268' title='bbox 397 2415 572 2463; x_wconf 87' lang='lat' dir='ltr'>publico.</span> <span class='ocrx_word' id='word_1_269' title='bbox 596 2417 671 2452; x_wconf 94' lang='lat' dir='ltr'>Por</span> <span class='ocrx_word' id='word_1_270' title='bbox 689 2418 791 2453; x_wconf 92' lang='lat' dir='ltr'>meio</span> <span class='ocrx_word' id='word_1_271' title='bbox 809 2418 858 2454; x_wconf 90' lang='lat' dir='ltr'>de</span> <span class='ocrx_word' id='word_1_272' title='bbox 875 2418 1102 2466; x_wconf 83' lang='lat' dir='ltr'>frequentes</span> <span class='ocrx_word' id='word_1_273' title='bbox 1121 2417 1257 2453; x_wconf 88' lang='lat' dir='ltr'>visitas</span> <span class='ocrx_word' id='word_1_274' title='bbox 1277 2416 1321 2451; x_wconf 91' lang='lat' dir='ltr'>S.</span> <span class='ocrx_word' id='word_1_275' title='bbox 1347 2414 1554 2450; x_wconf 89' lang='lat' dir='ltr'>Francisco</span> <span class='ocrx_word' id='word_1_276' title='bbox 1573 2412 1720 2447; x_wconf 88' lang='lat' dir='ltr'>Xavier</span> 
     </span>
    </p>
   </div>
   <div class='ocr_carea' id='block_1_4' title="bbox 70 2471 1719 2579">
    <p class='ocr_par' dir='ltr' id='par_1_4' title="bbox 70 2471 1719 2579">
     <span class='ocr_line' id='line_1_31' title="bbox 70 2471 1719 2524; baseline -0.001 -16"><span class='ocrx_word' id='word_1_277' title='bbox 70 2474 142 2508; x_wconf 67' lang='lat' dir='ltr'>v¹:50</span> <span class='ocrx_word' id='word_1_278' title='bbox 171 2474 299 2520; x_wconf 86' lang='lat' dir='ltr'>amigo</span> <span class='ocrx_word' id='word_1_279' title='bbox 329 2475 377 2510; x_wconf 92' lang='lat' dir='ltr'>de</span> <span class='ocrx_word' id='word_1_280' title='bbox 410 2475 458 2511; x_wconf 86' lang='lat' dir='ltr'>fr.</span> <span class='ocrx_word' id='word_1_281' title='bbox 493 2476 675 2523; x_wconf 86' lang='lat' dir='ltr'>Vieente‚</span> <span class='ocrx_word' id='word_1_282' title='bbox 711 2477 833 2513; x_wconf 89' lang='lat' dir='ltr'>muito</span> <span class='ocrx_word' id='word_1_283' title='bbox 864 2490 1078 2514; x_wconf 85' lang='lat' dir='ltr'>eoneorreu</span> <span class='ocrx_word' id='word_1_284' title='bbox 1108 2488 1200 2524; x_wconf 87' lang='lat' dir='ltr'>para</span> <span class='ocrx_word' id='word_1_285' title='bbox 1224 2488 1246 2512; x_wconf 94' lang='lat' dir='ltr'>o</span> <span class='ocrx_word' id='word_1_286' title='bbox 1277 2474 1649 2521; x_wconf 82' lang='lat' dir='ltr'>engrandeeimento</span> <span class='ocrx_word' id='word_1_287' title='bbox 1669 2471 1719 2506; x_wconf 94' lang='lat' dir='ltr'>do</span> 
     </span>
     <span class='ocr_line' id='line_1_32' title="bbox 83 2533 289 2579; baseline 0.019 -13"><span class='ocrx_word' id='word_1_288' title='bbox 83 2533 289 2579; x_wconf 79' lang='lat' dir='ltr'>collegio».</span> 
     </span>
    </p>
   </div>
   <div class='ocr_carea' id='block_1_5' title="bbox 0 2445 74 3510">
    <p class='ocr_par' dir='ltr' id='par_1_5' title="bbox 0 2445 74 3510">
     <span class='ocr_line' id='line_1_33' title="bbox 0 2445 74 3510; baseline 0 0"><span class='ocrx_word' id='word_1_289' title='bbox 0 2445 74 3510; x_wconf 95' lang='lat' dir='ltr'> </span> 
     </span>
    </p>
   </div>
  </div>
 </body>
</html>
