2049 3360
628 447 861 500 LIBER
918 447 1257 502 TERTIUS

257 592 541 675 VARIA
606 594 676 675 S.
740 594 1215 678 FRANCISCI
1279 595 1655 678 XAVERII

801 760 1099 803 SCRIPTA

897 1116 1010 1156 139

287 1225 601 1268 DECLARATIO
634 1238 774 1268 CIRCA
806 1225 1095 1269 SOCIETATIS
1127 1239 1543 1270 CONSTITUTIONES
1581 1227 1608 1267 ¹.

140 1337 350 1372 Promittit
362 1348 400 1371 se
414 1336 604 1382 subjicere
622 1337 674 1372 iis
692 1337 819 1378 rebus,
839 1349 937 1382 quas
954 1337 1104 1373 Romae
1122 1339 1200 1373 duo
1221 1338 1282 1373 vel
1294 1338 1434 1384 plures
1449 1338 1545 1372 socii
1560 1337 1683 1372 simul
1699 1338 1763 1372 de-

206 1397 417 1438 creverint,
436 1397 471 1431 si
488 1409 514 1431 a
537 1408 692 1431 summo
717 1396 911 1443 Pontiflce
930 1397 1101 1443 probata
1116 1396 1253 1443 fuerit
1277 1398 1461 1438 Societas,
1480 1399 1516 1432 et
1534 1397 1616 1443 ipse
1634 1397 1762 1432 Roma

208 1454 398 1501 abfuerit.

891 1540 996 1618 Ih†us

229 1669 313 1720 Yo,
333 1669 368 1710 F
372 1668 588 1721 rancisco,
608 1669 716 1725 digo
733 1674 836 1713 assi:
857 1685 944 1725 que
962 1670 1265 1714 coneediendo
1284 1672 1348 1715 Su
1366 1671 1610 1716 Sanetidad
1627 1685 1764 1714 nues-

141 1751 211 1787 tro
233 1745 368 1788 modo
389 1745 446 1789 de
468 1744 597 1798 vibir,
624 1761 712 1801 que
740 1754 868 1802 estoy
897 1751 923 1789 a
954 1748 1059 1789 todo
1088 1748 1264 1801 aquello
1294 1762 1380 1803 que
1412 1748 1453 1790 la
1485 1749 1766 1804 Companfiia

143 1821 389 1865 hordenase
411 1836 565 1866 acerca
590 1823 644 1865 de
668 1824 795 1866 todas
813 1830 1020 1867 nuestras
1037 1823 1397 1877 constitutiones,
1417 1825 1561 1881 reglas
1583 1840 1611 1880 y
1633 1825 1765 1867 modo

140 1897 196 1953 de
227 1897 356 1949 vibir,
385 1898 710 1953 junctandosse
742 1914 798 1942 en
829 1901 969 1942 Roma
997 1900 1063 1942 105
1091 1914 1178 1954 que
1206 1900 1247 1942 la
1275 1901 1552 1956 Compannia
1579 1900 1765 1956 pudiere

140 1974 480 2019 comodamente
503 1989 732 2019 conuocar
751 1991 781 2032 y
802 1976 972 2029 llamar3
997 1991 1027 2032 y
1050 1990 1129 2032 por
1151 1983 1322 2031 quanto
1345 1977 1409 2021 Su
1432 1977 1675 2021 Sanetidad
1696 1976 1767 2019 in-

139 2050 212 2093 bia
233 2053 420 2094 muehos
442 2052 498 2095 (16
515 2060 750 2111 nossotros
767 2057 793 2096 ἐι
810 2052 1012 2096 diuersas
1028 2060 1178 2109 partes
1197 2053 1321 2096 fuera
1336 2054 1391 2096 de
1414 2053 1576 2106 Ytalia‚
1597 2068 1767 2109 porque

138 2141 198 2169 no
219 2128 390 2183 podran
413 2130 542 2173 todos
557 2129 831 2184 junctarsse,
862 2145 943 2186 por
967 2136 1063 2174 esta
1091 2129 1198 2185 digo
1226 2144 1256 2185 y
1286 2137 1489 2185 prometo
1517 2131 1573 2173 de
1600 2137 1719 2173 estar
1740 2134 1767 2174 ἐι

141 2203 245 2246 todo
267 2205 444 2259 aquello
466 2220 554 2260 que
575 2207 858 2250 hordenaren
880 2207 949 2249 105
972 2220 1061 2261 que
1082 2220 1130 2249 se
1152 2206 1370 2262 pudieren
1388 2207 1406 2262 j
1413 2213 1585 2260 unetar,
1612 2206 1767 2262 quiere

141 2294 248 2323 Sean
269 2281 366 2333 dos,
393 2281 547 2337 quiere
569 2297 676 2325 sean
700 2289 806 2334 tres,
833 2286 860 2326 ὁ
881 2284 948 2326 105
971 2297 1058 2338 que
1082 2282 1254 2326 fueren:
1281 2298 1310 2338 y
1333 2297 1436 2338 assy
1457 2297 1538 2339 por
1555 2290 1667 2336 esta,
1687 2283 1766 2325 fir—

141 2357 272 2400 mada
293 2357 348 2400 de
370 2357 431 2400 mi
451 2373 600 2410 mano,
633 2358 740 2415 digo
768 2374 798 2414 y
826 2365 1029 2415 prometo
1057 2359 1113 2402 de
1141 2365 1260 2403 estar
1288 2363 1313 2402 ἐι
1342 2359 1448 2402 todo
1475 2359 1650 2415 aquello
1678 2373 1768 2414 que

141 2433 250 2476 ellos
271 2433 499 2479 hizierem.
527 2435 734 2491 Eseripta
755 2450 813 2478 en
835 2437 976 2478 Roma
998 2441 1116 2478 anno
1144 2446 1255 2490 1540
1277 2440 1303 2478 ἐι
1332 2446 1379 2490 15
1404 2437 1460 2479 (16
1483 2437 1634 2489 Mareo
1657 2435 1688 2478 ².

1239 2513 1526 2557 FRANC1sco.

208 2691 218 2711 ¹
270 2689 327 2724 Ex
346 2691 599 2736 autographo,
619 2690 658 2724 in
676 2691 760 2725 cod.
782 2690 895 2725 Rom.
916 2693 1094 2737 autogr„
1115 2689 1228 2725 unico
1254 2690 1361 2735 folio,
1390 2702 1428 2725 n.
1457 2689 1767 2726 CXCII.—Vide

137 2746 322 2791 MENCH.,
341 2753 369 2783 t.
397 2749 448 2794 ΙΙ,
475 2761 538 2795 pp.
566 2757 736 2794 502-504.
766 2749 893 2795 Hujus
917 2754 957 2784 et
979 2749 1142 2784 duorum
1168 2749 1417 2796 sequentium
1447 2749 1768 2784 documentorum

128 2804 350 2851 fac-simile
365 2807 486 2842 edidit
504 2807 893 2853 CRETINEAU-JOLY‚
918 2808 1143 2845 Histoire...
1168 2809 1215 2844 de
1239 2809 1280 2843 la
1307 2808 1554 2856 Compagnie
1577 2810 1624 2844 de
1633 2808 1767 2855 Jesus,

141 2868 172 2899 t.
198 2865 229 2909 13
249 2865 318 2900 sed
336 2865 375 2901 in
391 2865 468 2901 fine
487 2866 700 2913 aliquarum
719 2866 831 2913 primi
857 2866 1080 2902 documenti
1101 2867 1309 2913 linearum,
1335 2867 1605 2903 desiderantur
1622 2867 1768 2914 aliquot

142 2922 307 2959 litterae.
983 2930 985 2934 ’

210 2985 224 3004 ²
274 2983 445 3028 Scilicetx,
465 2984 587 3031 pridie
606 2984 690 3030 ejus
709 2985 832 3020 Roma
850 2984 889 3020 in
907 2984 1055 3021 Indiam
1074 2985 1340 3032 profectionis.
