2018 3510
1976 0 2013 50 3

395 232 463 267 208
894 235 1167 269 MONUMENTA
1193 233 1446 268 XAVERIANA

434 347 471 377 Ι.
538 334 591 376 Ε1
611 333 700 389 dya
733 335 788 377 de
819 336 994 377 Pascua
1022 334 1215 388 rescyby
1248 347 1361 375 unas
1386 340 1532 376 cartas
1562 341 1769 377 vuestras
1800 349 1886 378 con
1914 351 1973 381 un

340 411 625 466 enboltoryo,
651 424 739 465 que
761 414 924 453 venian
948 425 1055 465 para
1077 410 1118 452 el
1157 415 1290 452 senor
1320 410 1604 452 Embaxador
1632 412 1665 463 ²,
1701 427 1730 466 y
1758 425 1845 454 con
1867 413 1972 458 ellas

339 493 465 529 tanto
488 500 604 542 gozo
625 501 655 542 y
676 487 970 542 consolatyon
993 493 1162 541 quanto
1184 492 1370 529 nuestro
1393 487 1538 530 Sefior
1560 488 1682 530 sabe.
1705 489 1745 530 Y
1763 502 1875 544 pues
1892 504 1970 545 por

337 564 474 606 letras
497 566 674 607 tantum
712 577 816 606 creo
837 578 925 618 que
953 578 1011 606 en
1039 571 1136 605 esta
1164 562 1267 606 vida
1294 577 1378 605 nos
1406 577 1627 616 veremos,
1663 579 1692 619 y
1719 579 1776 607 en
1804 565 1846 608 la
1875 572 1968 612 otra

330 641 454 698 fatie
476 641 536 682 ad
549 641 720 698 fatiem
744 642 757 661 ⁵
797 655 881 683 con
920 642 1108 682 muchos
1145 640 1349 694 abracos,
1390 646 1510 683 resta
1539 655 1626 695 que
1654 656 1710 684 00
1740 649 1836 685 este
1857 657 1967 698 poco

337 716 520 772 tiempo,
546 731 634 772 que
656 718 783 760 desta
805 716 908 758 vida
930 731 1012 758 nos
1030 716 1192 770 queda,
1219 730 1302 771 por
1324 716 1583 770 frequentes
1605 718 1742 761 letras
1763 733 1846 761 nos
1863 733 1983 762 1703-

336 808 446 837 0103.
475 795 545 837 Yo
567 809 670 849 assy
691 794 734 835 lo
757 795 865 836 hare
893 807 1021 835 como
1043 807 1114 835 me
1142 793 1185 835 lo
1208 792 1370 835 inbiais
1398 797 1423 835 a
1451 794 1652 847 mandar,
1684 802 1852 850 quanto
1881 800 1906 839 a
1926 797 1969 839 10

335 871 408 914 del
429 870 615 913 escribir
633 875 658 913 a
679 871 891 923 menudo,
917 870 1139 912 servando
1161 870 1202 911 el
1224 870 1365 913 orden
1388 871 1445 914 de
1466 871 1532 913 las
1555 870 1583 925 ij
1592 872 1715 915 uelas
1738 873 1770 914 ¹⁴.

424 960 465 990 2.
532 948 593 990 Al
615 953 748 990 senor
771 947 980 988 cardenal
1003 947 1130 989 Ibrea
1159 948 1173 967 ⁵
1203 947 1302 988 able
1325 948 1491 989 mucho
1520 951 1545 990 a
1567 947 1628 989 mi
1651 948 1801 1003 plazer
1825 963 1904 1005 por
1928 949 1966 992 el

334 1083 521 1128 CUTlLL.,
540 1095 640 1118 anno
663 1092 766 1128 1540,
781 1094 842 1128 ep.
866 1091 897 1117 1:
919 1082 1106 1127 MENCH.,
1122 1081 1195 1117 lib.
1219 1082 1271 1128 ΙΙ,
1299 1093 1365 1128 ep.
1390 1092 1424 1117 2:
1460 1082 1606 1117 Cartas
1624 1084 1670 1118 de
1692 1084 1776 1118 San
1796 1084 1965 1131 >Ignacio
2016 1091 2018 1093 ’

334 1152 369 1178 2:
386 1144 433 1178 de
452 1143 610 1188 Loyola,
631 1148 662 1177 t.
689 1143 720 1188 Ι,
739 1154 803 1188 pp.
823 1150 890 1186 441
913 1146 952 1176 et
970 1150 1053 1186 442.

399 1205 412 1224 2
464 1202 646 1247 Intellige
666 1200 890 1236 Lusitaniae
909 1201 1114 1246 Legatum,
1139 1200 1205 1248 qui
1225 1206 1317 1236 tunc
1343 1201 1529 1247 temporis
1555 1207 1637 1236 erat
1660 1202 1800 1238 Petrus
1819 1203 1963 1238 Masca-

333 1262 494 1296 renhas.

404 1322 418 1341 3
470 1319 727 1355 «Videmus...
748 1331 816 1366 per
832 1320 1033 1365 speculum
1052 1318 1091 1353 in
1106 1318 1340 1364 aenigmate:
1358 1324 1451 1354 tunc
1467 1326 1597 1355 autem
1611 1320 1711 1355 facie
1726 1320 1774 1355 ad
1787 1320 1962 1358 faeiem.»

331 1380 349 1414 I
368 1379 491 1424 COR.,
511 1379 621 1424 XIII,
645 1388 705 1414 12.
1629 1417 1633 1420 ,

399 1441 414 1460 ‘⁴
463 1438 567 1473 Loco
605 1437 875 1483 praecedentis
906 1437 1162 1472 brevissimae
1193 1437 1356 1484 periodi,
1388 1438 1544 1483 longam
1575 1438 1777 1485 periodum
1809 1438 1961 1486 scripsit
2012 1439 2013 1442 ’

328 1497 530 1543 Ρο331003,
561 1497 661 1532 forte
689 1502 732 1532 ut
762 1497 975 1543 explicaret
1005 1498 1167 1531 verbum
1197 1497 1344 1542 ijuelas
1373 1499 1495 1540 (recte
1525 1498 1726 1544 scriptum,
1756 1498 1960 1544 lzijuelas),
2001 1539 2006 1546 „

326 1557 429 1604 quod
441 1557 596 1604 filiolas
614 1562 739 1601 sonat,
758 1556 937 1603 quamvis
955 1557 1028 1591 hoc
1043 1556 1082 1591 in
1101 1557 1186 1591 loco
1205 1569 1364 1592 sensum
1385 1562 1466 1591 toto
1482 1558 1592 1592 coelo
1607 1557 1807 1592 diversum
1824 1558 1954 1603 habet,
2003 1577 2008 1580 ·

325 1628 440 1663 quem
459 1615 621 1651 inferius
636 1615 828 1651 dabimus.
846 1615 1038 1651 Audiatur
1052 1627 1154 1651 nunc
1173 1616 1403 1651 Possiniana
1418 1616 1561 1651 versio.
1580 1617 1795 1663 «Equidem
1813 1616 1960 1652 deside-

325 1676 400 1711 rari
418 1678 489 1711 hac
509 1676 547 1711 in
568 1681 676 1722 parte
708 1688 834 1711 meam
865 1675 1110 1721 diligentiam
1141 1686 1217 1711 non
1248 1676 1386 1711 sinam.
1419 1677 1636 1711 Persuasus
1667 1677 1771 1711 enim
1790 1676 1856 1711 illo
1881 1681 1958 1720 tuo2

324 1748 401 1783 quo
416 1747 477 1771 me
495 1735 781 1781 digredientem
807 1735 1005 1778 monuisti,
1037 1734 1205 1780 sapienti
1235 1735 1353 1770 dicto:
1387 1736 1571 1771 Colonias
1603 1735 1899 1781 Metropolibus,
1918 1740 1957 1770 ut

325 1795 441 1830 Filias
461 1795 665 1840 Manibus,
685 1806 757 1829 usu
776 1800 934 1830 mutuae
952 1795 1114 1830 notitiae
1133 1795 1314 1830 connecti
1339 1800 1532 1841 oportere:
1554 1796 1667 1841 plane
1688 1794 1846 1830 decrevi
1868 1794 1957 1830 dare

324 1865 496 1900 operam,
515 1859 558 1889 ut
576 1859 615 1888 et
639 1855 737 1900 Ego,
756 1859 797 1888 et
826 1865 1094 1901 quaecumque
1125 1866 1307 1901 umquam
1327 1853 1457 1889 ubivis
1492 1859 1682 1889 terrarum
1707 1865 1860 1889 mecum
1885 1852 1956 1889 erit
2003 1877 2006 1882 ·

321 1918 476 1948 nostrae
496 1913 704 1949 Societatis
723 1914 832 1959 Pars,
851 1913 1005 1948 Tibiae
1030 1913 1217 1949 Societati
1248 1914 1446 1949 Romanae
1477 1914 1707 1949 nunciorum
1738 1919 1854 1960 atque
1879 1913 1955 1948 offi-

321 1972 469 2008 ciorum
487 1973 720 2008 commercio
738 1972 958 2018 iungamur3
980 1972 1113 2020 sicque
1131 1973 1179 2008 ad
1194 1985 1264 2008 vos
1280 1978 1420 2008 cuncta
1438 1977 1571 2008 nostra
1589 1973 1738 2008 minute
1763 1984 1807 2007 ac
1825 1971 1956 2008 distin-

320 2037 384 2067 cte
401 2032 630 2076 referamus,
651 2037 692 2067 vt
711 2032 872 2068 Filiolae
892 2034 1035 2076 solent,
1054 2044 1143 2068 cum
1162 2032 1351 2068 Matribus
1370 2031 1564 2067 rationem
1587 2032 1795 2067 reddunt.»

395 2090 639 2136 significatio
667 2090 779 2132 verbi
809 2091 964 2137 hijuela
991 2091 1031 2126 in
1050 2092 1133 2126 loco
1159 2091 1281 2126 citato
1307 2091 1403 2126 nihil
1437 2091 1542 2126 aliud
1568 2096 1629 2126 est
1654 2102 1770 2137 quam
1801 2089 1958 2137 epistola

323 2149 519 2196 adjuncta,
539 2150 608 2185 ubi
625 2149 773 2197 aliquid
791 2150 962 2196 speciale
987 2162 1057 2185 seu
1081 2156 1275 2186 secretum
1300 2150 1496 2194 scribitur,
1516 2162 1614 2197 quae
1638 2150 1752 2185 simul
1771 2161 1859 2185 cum
1882 2148 1953 2196 epi-

322 2209 421 2243 stola
447 2209 626 2254 primaria
653 2208 834 2254 mittitur,
863 2215 904 2245 ut
937 2211 1047 2255 haec,
1074 2209 1108 2245 si
1133 2209 1398 2245 necessarium
1425 2209 1636 2255 judicetur,
1656 2209 1810 2255 publice
1839 2207 1956 2255 possit

321 2267 487 2302 ostendi.
508 2268 616 2303 Haec
635 2267 869 2313 significatio
885 2270 946 2304 vel
966 2269 1005 2304 in
1019 2268 1104 2315 ipso
1118 2269 1316 2315 Hispanae
1329 2268 1551 2304 academiae
1565 2267 1794 2303 dictionario
1808 2266 1952 2302 deside-

320 2331 440 2361 ratur.
457 2326 557 2361 Vide
575 2326 721 2362 cartas
738 2328 784 2362 de
802 2328 886 2363 San
904 2328 1072 2375 Ignacio
1085 2329 1132 2363 de
1150 2328 1307 2374 Loyola,
1324 2332 1353 2362 t.
1369 2328 1400 2372 Ι,
1419 2339 1484 2374 pp.
1504 2335 1672 2372 147-151,
1694 2339 1755 2373 ep.
1775 2325 1952 2370 XXXIX,

320 2384 388 2420 ubi
406 2385 492 2420 fuse
510 2385 558 2420 de
577 2386 689 2420 modo
707 2386 890 2432 epistolas
910 2387 1107 2422 scribendi
1124 2391 1396 2433 pertractatur,
1416 2392 1456 2422 et
1472 2386 1566 2433 quid
1583 2386 1623 2421 in
1637 2385 1802 2432 epistola
1816 2383 1949 2432 princi·

319 2443 412 2490 pali,
431 2444 524 2490 quid
538 2444 577 2479 in
590 2444 765 2489 hijuelas
794 2446 1044 2481 scribendum
1063 2446 1114 2482 sit
1132 2446 1331 2481 statuitur.

390 2504 404 2524 5
454 2502 529 2537 Η10
559 2508 643 2538 erat
668 2504 892 2540 Bonifacius
923 2505 1076 2540 Ferreri
1112 2505 1358 2548 (Ferrerius),
1389 2504 1586 2540 Bononiae
1617 2506 1785 2551 legatus,
1811 2504 1947 2550 Epore-
2001 2506 2003 2511 '

319 2561 466 2596 diensis
495 2561 703 2597 cardinalis
733 2562 860 2598 dictus
891 2564 994 2610 quod
1025 2564 1129 2599 illius
1165 2563 1395 2598 dioeceseos
1420 2563 1625 2609 episcopus
1661 2563 1805 2598 fuerat.
1842 2559 1947 2596 Mini—
1988 2586 1991 2590 .

320 2632 382 2655 me
399 2619 696 2656 confundendus
708 2627 775 2657 vest
795 2633 883 2657 cum
908 2622 1122 2658 Philiberto
1146 2622 1298 2657 Ferreri
1317 2623 1540 2668 (Ferrerio),
1565 2623 1632 2669 qui
1655 2627 1748 2657 tunc
1768 2618 1948 2667 temporis
1996 2622 2001 2666 J¹

320 2679 597 2725 Eporediensis
627 2680 835 2727 episcopus
865 2687 961 2727 erat,
993 2681 1063 2716 sed
1092 2680 1299 2716 cardinalis
1324 2692 1401 2717 non
1430 2681 1504 2716 fuit
1522 2681 1743 2716 nominatus
1767 2690 1887 2727 usque
1903 2675 1961 2713 ad*
1996 2687 2002 2697 ”

317 2749 461 2773 annum
485 2748 496 2772 ι
503 2745 589 2783 549.
614 2738 717 2774 Hinc
734 2740 887 2785 corrige
905 2739 1166 2785 COLEmDGE‚
1192 2740 1269 2775 The
1288 2740 1362 2787 life
1385 2741 1468 2775 and
1486 2741 1621 2776 letters
1638 2739 1688 2787 of
1713 2739 1772 2775 St.
1786 2736 1959 2774 Francis
2009 2772 2012 2774 .

316 2797 486 2839 Xavier‚
507 2802 538 2832 t.
563 2797 596 2842 I,
615 2797 683 2833 lib.
704 2798 736 2844 Ι,
754 2809 839 2844 cap.
861 2799 933 2845 III,
952 2810 1043 2846 pag.
1072 2799 1133 2843 613
1154 2804 1193 2834 et
1212 2799 1488 2835 MENCHACAM
1519 2804 1601 2834 tum
1620 2798 1660 2834 in
1689 2795 1958 2840 annotatione,

317 2855 385 2890 ubi
403 2855 625 2891 Bonifacius
643 2868 732 2891 cum
751 2856 967 2893 Philiberto
984 2857 1250 2903 confunditur,
1267 2863 1350 2893 tum
1367 2857 1485 2893 etiam
1504 2857 1544 2893 in
1563 2858 1735 2899 Errata„
1761 2855 1828 2892 ubi
1850 2859 1945 2895 uter-

318 2925 393 2960 que
424 2920 585 2950 vocatur
615 2913 823 2951 cardinalis
853 2915 1149 2962 Eporediensis.
1173 2915 1337 2962 Corrige
1361 2916 1480 2952 etiam
1511 2916 1690 2951 LEONEM
1708 2911 1862 2959 PAGsss,
1882 2909 1955 2958 qui‘z
1999 2948 2006 2966 ,-

315 2972 456 3008 asserit
473 2972 717 3009 Bonifacium
735 2974 950 3021 Eporadiae
971 2975 1116 3019 QIvrea)
1144 2974 1266 3010 fuisse
1296 2981 1444 3021 natum,
1475 2986 1564 3010 cum
1591 2974 1675 3020 ejus
1692 2973 1816 3021 patria
1831 2969 1943 3007 fuerit
1986 2987 1990 2998 ι

317 3032 521 3068 Vercellae
538 3032 756 3078 (Vercelli).
781 3033 883 3069 Vide
903 3033 1112 3080 ORLAND„
1130 3034 1243 3070 Hist.
1270 3035 1359 3070 Soc.
1383 3034 1496 3079 Jesu,
1516 3034 1565 3069 P.
1588 3034 1635 3078 I.,
1654 3033 1723 3069 lib.
1749 3033 1801 3079 ΙΙ,
1820 3044 1857 3067 0.
1875 3029 1934 3075 89*

1048 3131 1057 3149 l
