2148 3515
434 353 474 381 v1
936 344 1208 379 MONUMENTA
1236 342 1488 377 XAVERIANA

387 447 582 491 chismos
604 446 737 491 etiam
761 447 1061 490 Malacensem
1085 451 1129 489 et
1146 443 1415 502 Japonicum
1437 444 1494 487 ab
1516 444 1675 489 eodem
1700 444 1838 487 fuisse
1867 444 2019 488 elabo-

387 531 524 579 ratos;
549 524 659 580 quin
682 530 727 569 et
749 523 912 566 librum
936 522 1138 567 Sinicum
1164 521 1488 587 etJapoynicum
1513 522 1569 566 de
1586 521 1762 577 origine
1784 521 1955 574 mundi,
1977 528 2022 566 et

387 601 508 646 vitae
530 601 700 645 Christi
719 600 954 657 mysteriis.
972 601 1042 643 De
1059 598 1280 656 Japonico
1298 598 1564 642 meminerat
1585 594 1720 642 etiarn
1743 597 2021 642 Orlandinus

388 678 464 721 lib.
498 691 563 732 14,
591 694 634 721 n.
669 691 769 733 133,
802 678 870 720 his
898 675 1063 719 verbis:
1100 677 1165 720 ‘S.
1198 675 1423 720 Xaverius
1446 675 1610 718 librum
1633 677 1689 719 ad
1712 675 2020 720 informandos

383 758 580 814 Japones
603 755 909 811 Cangoximae
932 760 1260 809 composuerat:
1287 753 1364 796 ubi
1387 753 1503 797 inter
1526 760 1676 797 cetera
1697 753 1865 797 Christi
1883 752 2020 797 vitam

389 840 434 876 et
456 840 627 889 septem
651 833 844 889 psalmos
867 832 921 874 de
945 830 1236 887 poenitentia,
1263 830 1531 887 litaniasque
1554 831 1905 887 descripserat...
1937 831 2022 875 Sa·-

389 925 489 953 cros
512 910 645 953 etiam
670 908 897 953 Ecclesiae
923 909 1076 961 festos,
1103 908 1413 963 rationemque
1435 908 1710 964 perfacilem,
1737 923 1825 964 qua
1848 907 2021 964 praeci-

391 1001 523 1044 puam
548 1000 772 1042 quamque
796 985 951 1028 feriam
975 985 1020 1027 in
1043 985 1108 1028 eis
1130 992 1482 1041 cognoscerent,
1509 984 1879 1040 invenirentque,
1905 985 2025 1041 apud

391 1079 468 1108 eos
485 1063 679 1118 reliquit.
706 1064 859 1118 Atque
876 1064 989 1106 haec
1006 1061 1386 1120 omniaJaponico
1403 1076 1610 1106 sermone
1628 1061 1917 1118 conscripta.‘
1940 1048 2026 1105 His

392 1142 505 1184 adde
534 1140 794 1192 conciones,
828 1154 941 1195 quas
969 1139 1087 1184 idem
1117 1146 1335 1184 memorat
1365 1139 1644 1183 Orlandinus
1672 1140 1699 1182 l.
1736 1152 1808 1194 14,
1841 1155 1886 1182 n.
1925 1150 2021 1193 147:

396 1220 529 1271 ίΝθο,
555 1219 715 1274 inquit,
738 1217 1152 1260 intermittebantur
1180 1217 1455 1274 Amangucii
1484 1216 1742 1260 conciones.
1776 1218 1867 1260 Eae
1897 1223 2026 1261 erant

394 1295 576 1339 Xaverii
599 1294 962 1339 elucubrationes
984 1294 1241 1351 hispanicae
1264 1294 1308 1337 in
1336 1309 1473 1337 unum
1492 1295 1701 1339 redactae
1723 1294 1953 1348 volumen,
1978 1300 2024 1337 et

393 1388 418 1415 a
442 1373 584 1415 Paulo
606 1379 789 1415 sanctae
811 1371 938 1415 Fidei
960 1371 1006 1414 in
1023 1371 1292 1430 Japonicum
1316 1372 1560 1416 translatae
1588 1375 1909 1416 sermonem.‘»

481 1450 732 1493 UTILITAs.
799 1449 943 1492 Multa
966 1449 1148 1505 quidem
1164 1450 1248 1492 hac
1266 1449 1323 1491 de
1340 1462 1387 1492 re
1404 1454 1590 1504 possent
1606 1447 1758 1501 scribi,
1780 1447 1866 1491 nisi
1883 1448 2021 1504 hujus

392 1525 680 1583 praefationis
702 1525 852 1571 indole
874 1534 919 1569 et
948 1526 1167 1570 brevitate
1195 1526 1552 1583 prohiberemur.
1585 1526 1739 1570 Liceat
1769 1532 1920 1569 tamen
1942 1525 2025 1569 ali--

394 1618 482 1658 qua
493 1619 547 1647 ex
566 1602 833 1656 Orlandino,
856 1603 1026 1647 Bartoli
1043 1611 1088 1648 et
1107 1604 1321 1659 Polanco,
1342 1603 1548 1660 quamvis
1560 1602 1840 1655 brevissima,
1861 1602 2026 1646 exscri-

392 1681 513 1725 bere.
541 1680 620 1724 Ait
643 1680 762 1725 enim
786 1681 1080 1734 Orlandinus,
1106 1681 1182 1724 lib.
1209 1696 1254 1734 v,
1280 1697 1325 1724 n.
1353 1682 1395 1734 6,
1421 1680 1499 1724 ubi
1521 1680 1800 1738 singularem
1831 1682 1884 1723 P.
1911 1679 2027 1725 Hie—

392 1758 566 1814 ronymi
603 1757 776 1801 Natalis
813 1757 1096 1802 vocationem
1133 1758 1176 1801 in
1216 1757 1489 1803 Societatem
1527 1764 1694 1802 narrat:
1739 1756 2027 1802 «Acerrimus
2064 1786 2068 1790 -

391 1835 590 1878 omnium
619 1835 830 1879 stimulus
860 1835 944 1879 fuit
972 1836 1256 1881 Xaverianae
1284 1837 1512 1893 exemplar
1541 1836 1758 1893 epistolae
1795 1836 1852 1878 ab
1881 1834 2026 1878 amico

392 1912 593 1956 missum:
627 1913 703 1956 ubi
732 1920 834 1970 post
861 1920 1254 1959 commemoratam
1286 1913 1519 1971 ingentem
1549 1914 1665 1976 inter
1693 1913 1823 1956 indos
1852 1912 2026 1956 animo—

393 2006 492 2034 rum
515 2006 723 2044 messem,
748 1992 806 2036 de
828 1992 1092 2035 confirmata
1113 1991 1330 2037 societate
1347 1993 1403 2035 ab
1421 1991 1686 2049 Apostolica
1708 1992 1815 2035 sede
1837 1990 2016 2034 Franci-

392 2054 496 2111 scus
518 2070 616 2112 Deo
639 2068 808 2124 gratias
837 2069 1054 2125 agebat»;
1087 2083 1204 2124 quae
1237 2069 1418 2125 quidem
1449 2070 1505 2112 ab
1540 2068 1639 2125 ipso
1668 2068 1819 2112 Natali
1847 2074 2027 2111 narrata

394 2144 596 2189 invenies
618 2144 665 2188 in
686 2145 756 2188 his
784 2146 1094 2189 Monumentis
1122 2147 1369 2189 Historias
1392 2147 1439 2190 S.
1464 2146 1529 2204 J„
1562 2145 1608 2188 in
1632 2160 1769 2202 opere
1796 2145 2027 2201 Epistolae

397 2223 454 2265 P.
482 2223 753 2279 Hieronymi
777 2223 946 2276 Nadal,
970 2229 1002 2266 t.
1030 2238 1063 2277 1,
1088 2238 1194 2280 pag.
1233 2236 1299 2267 11.
1333 2225 1389 2267 Et
1411 2224 1544 2280 paulo
1567 2222 1755 2266 inferius
1777 2222 1902 2267 addit
1933 2222 2030 2279 ipse

398 2299 675 2343 Orlandinus
697 2301 781 2343 sub
804 2316 849 2343 n.
877 2301 948 2355 65:
979 2300 1359 2346 «Recentissimae
1381 2300 1566 2346 Xaverii
1586 2300 1743 2345 literae
1764 2315 1790 2343 a
1812 2299 2031 2344 Lusitano

399 2377 525 2431 Rege
554 2376 629 2432 (ad
658 2376 841 2420 Curiam
872 2378 1114 2434 Castellae)
1147 2377 1329 2435 missae,
1361 2384 1406 2423 et
1434 2379 1491 2423 de
1519 2377 1818 2434 suggestibus
1840 2376 1886 2421 in
1919 2391 2031 2420 con--

398 2451 528 2495 cione
548 2453 788 2508 perlectae,
814 2453 977 2498 mirum
999 2461 1068 2498 est
1096 2461 1315 2510 quantum
1344 2454 1390 2497 in
1410 2454 1644 2498 hominum
1675 2453 1935 2511 pectoribus
1957 2468 2030 2497 ar-

400 2527 523 2571 doris
544 2528 825 2585 injecerint.»
853 2531 1022 2576 Eadem
1051 2532 1144 2576 fere
1171 2532 1396 2575 habentur
1424 2531 1471 2575 in
1498 2531 1692 2574 Polancz'
1717 2530 1910 2584 Clzron„
1933 2537 1961 2574 t.
1993 2544 2027 2586 1,

400 2619 505 2662 pag.
553 2606 648 2649 161:
692 2608 776 2651 «P.
818 2608 1047 2652 Francisci
1084 2609 1269 2654 Xaverii
1305 2608 1482 2654 litterae
1518 2615 1609 2652 tam
1646 2607 1693 2651 in
1732 2607 2028 2665 Portugallia‚

402 2696 536 2737 quarn
564 2682 699 2726 etiam
727 2683 774 2727 in
802 2686 998 2729 Castella
1026 2700 1301 2743 magnopere
1328 2686 1560 2730 hominum
1588 2685 1762 2729 animos
1783 2685 2033 2728 inflamma-

403 2759 512 2801 bant
535 2766 579 2803 et
600 2759 646 2802 in
668 2759 942 2807 Societatem
964 2778 1213 2820 propensos
1235 2764 1529 2808 reddebant.»
1625 2814 1627 2816 ,

491 2837 582 2880 Sed
615 2836 778 2894 frigida
805 2840 1121 2895 praecedentia
1149 2848 1366 2898 apparent
1391 2842 1547 2895 verba,
1580 2840 1617 2884 si
1654 2855 1758 2884 cum
1795 2839 1882 2893 his,
1921 2854 2038 2895 quae

405 2911 574 2955 Bartoli
596 2913 766 2969 scribit,
791 2917 1106 2971 conferantur,
1139 2918 1216 2974 qui
1243 2933 1335 2962 non
1357 2917 1580 2962 dubitavit
1609 2918 1666 2961 ad
1697 2916 1942 2961 Xaverium
1966 2931 2039 2960 re—

407 2977 524 3033 ferre
546 3003 663 3044 quae
684 2991 740 3034 de
762 2993 811 3036 S.
837 2993 1067 3049 Cypriano
1089 2995 1329 3053 scripserat
1351 2995 1684 3040 Naziancenus:
1715 2994 1925 3047 «Plures,
1961 2994 2039 3045 ait,

405 3065 501 3122 ipse
528 3080 607 3122 per
636 3067 848 3123 epistolas
877 3076 1098 3126 martyres
1126 3072 1258 3127 fecit,
1289 3087 1423 3130 quam
1452 3072 1515 3116 illi
1548 3072 1632 3130 ipsi
1662 3071 1739 3128 qui
1768 3070 2040 3128 martyribus

406 3142 720 3187 assistebant.»
746 3146 874 3200 Asia,
897 3146 974 3191 lib.
1001 3161 1066 3200 1v‚
1093 3158 1165 3205 53.
