2018 3510
352 252 422 288 442
857 246 1131 282 MONUMENTA
1157 246 1410 283 XAVERIANA

305 345 433 389 breui
457 346 774 400 declaratione,
801 362 934 404 quam
974 346 1256 402 scripseram,
1283 348 1338 391 de
1376 348 1481 392 fidei
1511 348 1726 401 articulis,
1760 355 1811 391 ut
1838 363 1939 393 ora-

307 422 440 465 tionis
462 423 561 466 loco
583 424 840 467 memoriter
862 423 1109 467 retinerent
1131 424 1363 480 neophyti,
1397 424 1565 480 quique
1595 425 1940 468 concionaretur

306 499 445 543 semel
467 498 511 541 in
535 501 816 543 hebdomada
833 499 1047 543 vxoribus
1070 501 1478 556 portugalensium,
1501 508 1550 544 ut
1568 501 1663 557 ipse
1685 515 1938 546 consueue-

306 590 417 629 ram,
437 575 664 619 substitui.

396 667 438 709 9.
505 653 674 696 Eodem
709 653 841 697 etiam
872 661 1088 708 tempore,
1120 667 1211 708 quo
1242 653 1409 697 Maluci
1437 669 1537 697 sum
1566 661 1787 706 versatus,
1816 654 1938 697 ordi-

307 728 413 771 naui
436 736 485 771 ut
522 730 713 786 singulis
750 730 959 772 noctibus
996 745 1076 786 per
1113 730 1284 785 plateas
1321 732 1744 775 commendarentur
1766 730 1941 775 animae

306 819 477 858 eorum,
503 806 580 861 qui
603 806 649 848 in
671 805 934 862 purgatorio
957 813 1079 858 sunt,
1106 813 1150 850 et
1175 820 1346 859 eorum,
1373 807 1450 863 qui
1472 807 1518 849 in
1546 807 1743 863 peccatis
1772 815 1941 851 morta-

305 881 424 924 libus
444 882 622 935 viuunt,
644 884 765 938 quod
787 897 981 939 magnae
1003 883 1258 927 deuotionis
1281 890 1326 925 et
1344 883 1710 939 perseuerantiae
1725 884 1771 926 in
1792 883 1938 937 bonis,

303 957 349 1000 in
372 958 501 1001 malis
523 974 632 1003 uero
650 959 832 1002 terroris
855 966 900 1003 et
922 959 1093 1002 timoris
1117 973 1253 1002 causa
1283 966 1394 1003 erat.
1428 959 1579 1016 Elegit
1603 959 1756 1015 itaque
1778 959 1940 1002 ciuitas

304 1022 547 1088 hominem,
574 1036 665 1090 qui,
691 1036 848 1079 habitu
874 1035 1207 1079 Misericordiae
1229 1035 1431 1088 indutus,
1466 1037 1606 1081 altera
1627 1051 1764 1079 manu
1792 1037 1941 1079 lucer--

304 1126 423 1163 nam,
449 1112 587 1154 altera
610 1127 873 1169 campanam
892 1113 1078 1164 ferrens,
1105 1127 1157 1155 ac
1180 1127 1259 1168 per
1282 1112 1453 1168 plateas
1482 1113 1714 1167 incedens,
1746 1113 1939 1156 subinde

306 1189 395 1232 alta
437 1204 549 1232 voce
592 1190 764 1233 animas
801 1190 1148 1241 christianorum
1186 1192 1404 1244 fidelium,
1446 1205 1561 1246 quae
1597 1190 1642 1232 in
1677 1190 1940 1246 purgatorio

307 1272 430 1317 sunt,
471 1267 830 1321 commendabat,
855 1282 907 1310 ac
939 1268 1102 1312 deinde
1139 1268 1315 1311 illorum
1354 1267 1447 1324 qui,
1479 1281 1583 1310 cum
1605 1267 1652 1309 in
1673 1266 1940 1309 mortalibus

309 1342 506 1397 peccatis
534 1343 638 1397 sint,
665 1358 717 1387 ea
754 1344 962 1387 deserere
993 1345 1168 1397 nolunt,
1209 1344 1374 1401 quibus
1404 1350 1527 1388 recte
1562 1343 1673 1385 illud
1711 1343 1938 1386 conuenit:

311 1419 546 1461 deleantur
569 1420 621 1462 de
644 1421 757 1463 libro
779 1422 1047 1474 vinantium,
1069 1426 1108 1463 et
1130 1436 1231 1463 cum
1246 1421 1391 1478 justis
1414 1435 1505 1463 non
1529 1420 1793 1463 scribantur
1819 1422 1847 1461 ⁷.

403 1508 468 1538 Io.
535 1496 700 1540 Maluci
729 1511 808 1540 rex
840 1499 1210 1541 machometanus
1239 1500 1271 1551 ⁸,
1313 1498 1430 1540 sicut
1453 1504 1498 1541 et
1520 1496 1633 1541 aliae
1656 1486 1830 1539 insulae
1854 1497 1942 1540 cir-

309 1572 573 1625 cumiectae,
599 1574 701 1629 lege
724 1574 821 1630 regi
852 1574 1143 1630 Portug'aliae
1166 1574 1375 1617 subditus
1398 1581 1510 1628 erat,
1538 1574 1593 1618 de
1622 1588 1711 1628 quo
1741 1573 1825 1616 sibi
1848 1573 1942 1629 ipse

307 1649 503 1703 placens,
528 1663 631 1692 cum
655 1650 930 1694 mentionem
967 1651 1087 1694 illius
1125 1650 1247 1704 facit,
1290 1665 1444 1707 regem
1475 1649 1767 1706 Portugaliae
1789 1664 1939 1693 meum

308 1724 539 1768 dominum
572 1734 721 1770 uocat:
761 1727 927 1770 idioma
964 1727 1353 1784 portugalensium
1390 1734 1512 1771 recte
1551 1734 1687 1771 tenet.
1726 1726 1814 1770 Hic
1843 1728 1939 1771 Rex

306 1802 578 1846 christianus
600 1819 691 1847 non
712 1805 779 1857 fit,
805 1820 863 1849 ne
885 1804 1079 1847 carnalia
1100 1804 1209 1848 Vitia
1231 1805 1438 1849 deserere
1466 1811 1672 1860 cogatur,
1705 1818 1796 1846 non
1819 1805 1939 1860 quod

308 1879 553 1923 deuotione
590 1880 739 1937 aliqua
769 1883 1055 1926 Machometo
1091 1881 1149 1923 sit
1187 1881 1410 1935 addietus;
1436 1895 1520 1924 nec
1563 1880 1684 1923 aliud
1720 1882 1858 1923 habet
1884 1894 1939 1923 ex

308 1955 447 2010 ipsius
484 1957 601 2013 lege,
643 1973 778 2013 quam
831 1959 952 2013 quod
988 1973 1101 2014 puer
1139 1957 1433 2001 circumcisus
1470 1957 1570 2010 fuit,
1610 1958 1823 2013 quodque
1851 1957 1939 1999 iam

306 2033 487 2076 adultus
525 2034 695 2078 centies
732 2035 966 2078 maritatus
1010 2042 1094 2087 est,
1136 2035 1356 2090 siquidem
1395 2042 1578 2078 centum
1616 2035 1753 2078 habet
1777 2047 1941 2076 uxores

306 2109 585 2165 praecipuas,
610 2118 790 2167 praeter
813 2111 923 2155 alias
946 2113 1111 2155 multas
1128 2112 1279 2155 minus
1301 2112 1490 2155 nobiles.

401 2197 416 2227 1
431 2198 465 2228 Ι.
533 2187 622 2230 Hic
640 2189 736 2232 Rex
753 2203 964 2244 magnam
987 2188 1094 2231 mihi
1111 2188 1475 2232 beneuolentiam
1492 2197 1538 2231 et
1555 2187 1794 2231 amicitiam
1813 2186 1940 2231 exhi-

309 2261 458 2314 bebat,
498 2265 610 2307 adeo
633 2272 683 2307 ut
718 2265 988 2321 primoribus
1025 2265 1154 2322 regni
1187 2265 1257 2308 sui
1294 2265 1552 2310 infidelibus
1589 2264 1635 2307 id
1665 2263 1937 2319 displiceret,

308 2339 590 2395 multumque
611 2348 662 2383 ut
689 2342 730 2385 ei
767 2343 1059 2398 rependerem
1091 2342 1313 2386 amicitiae
1340 2341 1698 2385 vicissitudinem
1736 2339 1936 2395 optabat,

309 2428 434 2469 spem
456 2416 564 2458 mihi
594 2417 835 2462 iniiciendo
865 2420 985 2474 quod
1012 2420 1194 2464 tandem
1224 2419 1465 2475 aliquando
1493 2417 1764 2461 christianus
1792 2417 1935 2460 fieret:

308 2489 486 2534 interim
508 2507 611 2535 cum
633 2509 687 2537 eo
708 2495 906 2549 defectu,
928 2497 1048 2550 quod
1065 2496 1236 2539 scilicet
1252 2497 1622 2538 machometanus
1645 2500 1780 2545 esset,
1801 2492 1939 2536 amari

312 2581 337 2608 a
354 2582 426 2610 me
440 2570 636 2622 volebat,
657 2571 846 2615 dicendo
864 2573 986 2627 quod
1001 2572 1233 2616 christiani
1247 2579 1292 2616 et
1308 2571 1393 2629 ipsi
1404 2586 1543 2614 vnum
1559 2571 1779 2615 habemus
1791 2571 1940 2613 Deum

312 2657 612 2698 communem,
634 2648 844 2703 quodque
861 2649 995 2693 iidem
1012 2664 1168 2693 omnes
1186 2649 1327 2692 futuri
1344 2663 1545 2692 essemus
1562 2647 1817 2702 aliquando:
1838 2645 1943 2689 licet

313 2727 463 2764 tamen
485 2721 791 2777 gratissimum
820 2725 860 2768 ei
882 2733 1001 2769 esset
1027 2727 1151 2781 quod
1174 2742 1277 2771 eum
1301 2724 1544 2769 inuiserem
1572 2724 1747 2775 crebro,
1780 2721 1942 2766 adduci

312 2811 403 2839 non
420 2798 566 2853 potuit
593 2806 642 2841 vt
670 2799 942 2844 christianus
978 2802 1121 2857 fieret3
1147 2802 1373 2859 pollicitus
1395 2808 1544 2845 tamen
1573 2807 1641 2844 est
1669 2800 1790 2855 quod
1805 2813 1944 2841 vnum

384 2925 397 2943 ⁷
447 2923 519 2958 Ps.
543 2922 722 2968 LXVIII,
742 2931 805 2968 29.

383 2982 398 3003 ⁸
448 2980 582 3018 Cachil
603 2981 749 3028 Aeyro,
767 2981 816 3017 de
841 2994 917 3029 quo
942 2983 1032 3018 vide
1063 2985 1219 3028 SOUzA,
1250 2985 1415 3021 Oriente
1438 2996 1571 3030 conq„
1600 2984 1660 3018 1.⁸
1678 2987 1800 3029 part.,
1818 2994 1936 3029 conq.

328 3041 400 3085 III,
419 3039 502 3076 div.
526 3041 558 3086 1,
586 3053 627 3076 n.
652 3039 715 3085 35.
