2148 3515
619 267 876 302 DEscmprxo
903 265 1100 302 ComcUM
1564 275 1644 300 xxv

64 371 146 414 dos
169 369 459 413 Provinciaes
481 384 506 412 e
526 369 761 424 Preposito
778 369 835 411 da
851 369 969 411 Casa
988 368 1212 411 Professa.
1235 368 1471 423 Alcancou
1488 375 1584 411 este
1603 370 1691 411 Pa—

65 449 144 492 dre
172 447 264 490 mui
293 446 420 489 vivas
450 461 498 488 as
531 445 771 489 memorias
800 447 856 490 de
884 447 930 490 S.
964 447 998 488 F
1002 445 1207 488 rancisco
1231 445 1398 489 Xavier
1426 459 1451 487 e
1474 460 1689 489 escreveu

66 539 165 568 com
187 524 329 567 muita
351 523 562 576 verdade,
589 538 689 566 com
711 524 856 578 estylo
879 523 1001 565 claro
1024 537 1049 566 e
1071 529 1293 574 corrente,
1315 525 1467 578 porem
1486 537 1584 564 com
1610 524 1688 566 de-

65 601 263 644 masiada
287 600 513 655 erudicao,
539 615 627 656 que
655 601 728 644 lhe
755 601 1019 644 arrebatava
1048 615 1073 643 a
1102 614 1250 656 penna
1272 615 1298 642 a
1319 599 1575 656 digressoes
1598 599 1690 641 mui

63 679 213 735 largas
236 694 260 723 e
281 692 431 734 pouco
454 679 761 722 conducentes
783 692 839 721 ao
863 691 943 721 seu
967 684 1200 733 assumpto
1225 693 1250 721 e
1272 691 1352 732 por
1373 682 1470 720 esta
1493 680 1624 718 razao
1641 691 1690 719 se
1750 668 1753 671 “

63 760 149 799 nao
172 755 412 812 imprimiu.
426 772 442 795 »

150 834 282 877 Hanc
332 832 581 876 Historiam
625 832 689 875 sic
737 831 932 876 breviter
973 831 1287 875 indicabimus:
1314 831 1435 873 Hist.
1464 832 1521 873 P.
1555 831 1679 873 Gon—

58 910 216 963 calvas.

746 1027 902 1065 sodex
935 1028 1003 1064 ΙΙ.

151 1143 478 1198 Complutensis
507 1143 642 1186 codex
668 1143 1372 1200 autograplzorum.—Volumen
1400 1144 1446 1187 in
1470 1144 1548 1187 fol.
1574 1158 1687 1187 con-

58 1219 349 1276 glutinatum,
376 1220 507 1276 cujus
529 1220 575 1263 in
597 1221 731 1264 dorso
753 1222 866 1265 haec
890 1228 1065 1265 tantum
1088 1222 1305 1278 leguntur
1321 1223 1475 1265 verba:
1500 1223 1687 1265 «Cartas

58 1297 114 1341 de
131 1296 373 1354 Jesuitas.»
401 1299 618 1342 Servatur
640 1298 686 1340 in
714 1298 986 1342 bibliotheca
1013 1298 1187 1356 privata
1216 1299 1336 1355 regis
1365 1299 1612 1356 Hispaniae
1640 1299 1684 1342 in

56 1374 194 1431 regiis
222 1374 410 1419 aedibus
440 1374 802 1429 Matritensibus,
835 1383 880 1421 et
909 1378 1027 1420 hanc
1061 1377 1197 1420 habet
1225 1377 1506 1434 signaturam
1540 1378 1680 1421 «Cod.

56 1453 232 1495 2-e-8.»
260 1452 456 1496 Maxima
477 1468 581 1509 pars
604 1453 911 1510 epistolarum,
938 1469 1049 1510 quas
1072 1454 1293 1510 continet,
1319 1471 1345 1499 a
1362 1457 1531 1500 Sancto
1548 1458 1682 1513 Igna-

55 1528 118 1572 tio
142 1530 197 1572 de
220 1530 391 1586 Loyola
412 1530 602 1587 ejusque
624 1531 779 1587 primis
801 1531 936 1575 sociis
959 1533 1144 1575 fuerunt
1172 1540 1396 1577 exaratae.
1423 1535 1473 1576 In
1495 1534 1684 1578 diversis

51 1606 435 1661 annotationibus,
462 1622 580 1663 quae
601 1607 647 1651 in
664 1608 807 1664 primo
826 1608 932 1652 folio
950 1609 1252 1666 reperiuntur,
1272 1610 1532 1655 continetur
1547 1611 1683 1656 index

53 1683 253 1727 omnium
275 1684 567 1741 epistolarum
598 1686 735 1742 hujus
762 1685 1021 1740 voluminis,
1053 1694 1098 1732 et
1125 1688 1259 1731 datur
1286 1687 1399 1731 ratio
1427 1703 1508 1732 cur
1531 1689 1576 1732 in
1599 1690 1681 1733 ali-

54 1760 218 1817 quibus
240 1760 441 1818 epistolis
463 1762 579 1806 desit
600 1763 887 1820 subscriptio:
914 1771 959 1809 et
982 1764 1196 1820 quoniam
1219 1764 1265 1807 in
1287 1765 1373 1808 illis
1391 1766 1519 1821 quasi
1542 1766 1681 1810 histo-

53 1838 118 1881 ria
134 1839 271 1894 hujus
293 1838 535 1883 voluminis
558 1840 833 1894 continetur,
859 1840 966 1886 licet
989 1841 1220 1897 aliquanto
1243 1842 1471 1900 longiores
1495 1844 1681 1889 videan-

53 1921 139 1968 tur,
171 1930 263 1958 non
291 1917 371 1960 abs
400 1932 447 1960 re
477 1917 574 1960 fore
603 1932 679 1962 eas
713 1917 916 1975 integras
940 1918 1196 1964 exscribere
1213 1919 1585 1965 existimavimus.
1607 1922 1684 1966 Sic

50 1991 190 2048 igitur
211 1992 289 2036 ait:
319 1993 374 2051 <‹†
398 1995 466 2037 En
483 2001 580 2038 este
602 1995 817 2040 volumen
845 2003 974 2039 estan
1009 1997 1060 2039 16
1088 2003 1236 2040 cartas
1264 2012 1350 2041 con
1380 2013 1470 2042 vna
1498 2006 1683 2055 patente

50 2069 106 2112 de
134 2071 190 2114 N.
224 2072 367 2116 Santo
399 2073 545 2116 Padre
572 2072 756 2130 Ignacio
780 2074 992 2117 firmadas
1016 2074 1072 2118 de
1101 2089 1154 2118 su
1183 2090 1334 2129 mano,
1361 2077 1489 2120 fuera
1521 2078 1578 2121 de
1600 2079 1683 2121 dos

51 2159 137 2202 que
158 2151 286 2191 estan
310 2149 571 2193 rubricadas
593 2164 680 2193 con
701 2151 744 2194 13
772 2150 965 2207 primera
993 2153 1105 2196 letra
1134 2153 1191 2197 de
1224 2167 1278 2196 su
1308 2155 1512 2208 nombre3
1537 2156 1580 2198 13
1609 2158 1678 2207 13²,

50 2224 127 2267 fol.
160 2238 196 2278 1,
223 2224 343 2271 tiene
365 2227 407 2270 al
424 2227 487 2269 fin
505 2235 666 2284 quatro
685 2229 927 2284 renglones
945 2229 1001 2273 de
1018 2245 1071 2273 su
1089 2231 1218 2284 letra,
1239 2232 1281 2274 la
1299 2238 1412 2285 otra,
1435 2232 1510 2275 fol.
1539 2245 1606 2287 13,
1632 2247 1681 2276 es

51 2301 155 2346 toda
176 2303 232 2346 de
254 2318 309 2347 su
331 2304 458 2349 letra.
485 2306 561 2361 Ay
583 2305 738 2349 demas
761 2306 816 2350 de
839 2307 905 2350 135
927 2307 1084 2351 dichas
1105 2315 1253 2353 cartas
1281 2310 1338 2354 de
1366 2310 1433 2353 105
1460 2310 1680 2366 primeros

52 2386 348 2436 compafieros
365 2382 422 2427 de
438 2383 496 2426 N.
517 2383 565 2427 S.
589 2384 661 2435 P.,
682 2398 786 2436 vna,
809 2385 884 2427 fol.
908 2397 979 2438 21,
1002 2386 1106 2429 toda
1122 2386 1179 2431 de
1202 2387 1314 2431 letra
1335 2387 1408 2432 del
1431 2388 1484 2430 Ρ.
1511 2371 1674 2430 Fabro:

50 2462 155 2510 tres,
180 2458 246 2501 135
268 2458 537 2514 siguientes,
569 2460 641 2504 del
660 2462 712 2503 P.
740 2462 934 2517 Laynes:
956 2477 1059 2515 vna,
1082 2463 1158 2506 fol.
1181 2464 1253 2518 26,
1275 2464 1380 2507 toda
1402 2464 1458 2508 de
1475 2465 1588 2509 letra
1605 2465 1678 2508 del

51 2535 103 2576 P.
129 2535 165 2577 F
168 2535 369 2578 rancisco
392 2537 562 2580 Xauier
583 2552 613 2593 y
635 2553 682 2582 es
705 2539 747 2581 13
770 2553 858 2594 que
891 2546 1023 2583 truxo
1046 2540 1235 2598 consigo
1257 2543 1314 2585 N.
1342 2543 1391 2586 S.
1419 2544 1471 2586 P.
1498 2543 1678 2598 quando

46 2611 102 2653 de
125 2613 252 2655 Paris
273 2612 378 2656 vino
401 2617 427 2657 a
449 2616 630 2671 Espafia
652 2616 693 2658 el
716 2622 803 2659 ano
820 2617 878 2661 de
900 2627 1008 2672 1535
1028 2619 1137 2661 alos
1155 2619 1372 2676 negocios
1389 2621 1445 2663 de
1462 2634 1540 2663 sus
1558 2634 1678 2662 com-

42 2694 252 2743 pafieros.
288 2691 377 2734 Las
409 2692 492 2735 dos
516 2707 605 2748 que
629 2708 677 2737 se
700 2694 880 2750 siguen,
909 2695 984 2738 fol.
1014 2697 1085 2749 28,
1121 2711 1203 2740 son
1235 2698 1308 2740 del
1341 2699 1394 2740 P.
1422 2698 1673 2742 Salmeron:

42 2764 108 2809 las
131 2779 155 2821 3
180 2781 268 2822 que
299 2782 348 2813 se
380 2768 561 2825 siguen,
597 2786 623 2814 a
656 2772 731 2835 fol.
770 2785 841 2826 30,
876 2787 960 2816 son
983 2773 1056 2817 del
1088 2775 1141 2817 P.
1181 2774 1372 2818 Claudio
1399 2777 1536 2833 Jayo:
1568 2789 1673 2828 vna,

42 2841 116 2885 fol.
140 2854 211 2898 35,
231 2845 303 2888 del
332 2847 384 2889 P.
419 2847 680 2892 Paschasio:
714 2848 957 2906 siguiente,
979 2857 1086 2905 treS,
1108 2852 1187 2894 fol.
1211 2852 1281 2906 36,
1303 2852 1378 2896 del
1397 2854 1449 2895 P.
1478 2851 1674 2894 Bobadi-

42 2917 116 2972 lla,
142 2922 270 2965 todas
298 2923 355 2967 de
377 2938 432 2968 su
463 2925 591 2969 letra.

132 2997 175 3040 A
199 2999 274 3042 fol.
303 3013 358 3057 39
380 3015 429 3043 se
451 3001 613 3058 siguen
645 3010 735 3047 tres
763 3005 836 3048 del
869 3007 922 3049 P.
955 3007 990 3049 F
993 3006 1197 3050 rancisco
1226 3008 1284 3051 de
1313 3007 1462 3062 Borja:
1489 3007 1625 3062 luego
1647 3021 1672 3049 a

50 3071 123 3115 fol.
149 3086 204 3128 42
227 3089 276 3119 se
297 3076 460 3133 siguen
483 3085 572 3122 tres
595 3081 666 3123 del
691 3082 742 3124 P.
769 3083 804 3124 F
807 3082 1010 3126 rancisco
1027 3084 1084 3128 de
1107 3083 1375 3128 Villanueva
1391 3083 1556 3140 primer
1573 3097 1671 3126 rec-
