2018 3510
373 242 441 277 242
551 236 556 241 ’
571 233 582 235 ”
858 230 1075 267 MONUMEN
1082 240 1131 266 ΓΑ
1164 232 1418 267 XAVERIANA

1103 484 1174 524 10

379 601 471 642 ΡΡ.
499 600 775 643 CLAUDIO
794 599 954 656 JAYO
985 599 1062 640 ET
1090 597 1328 640 DIDACO
1360 597 1622 649 LAYNEZ,
1656 597 1884 642 ROMAM
1948 589 1950 591 ¹

758 710 1029 766 Ulyssipone
1066 710 1114 752 18
1149 708 1298 752 Martii
1337 720 1441 763 1541
1483 710 1511 752 ¹.

319 819 523 853 Romanae
542 818 680 852 domui
697 816 971 863 aedificandae
990 828 1059 851 rex
1081 816 1367 863 Portugalliae
1385 817 1564 850 nondum
1583 816 1627 850 ob
1644 816 1857 851 imminens
1875 817 1944 852 bel-

387 879 473 912 lum
483 877 633 922 juvare
648 875 1154 923 poterit.—Lardinalium
1175 878 1308 909 tamen
1325 878 1361 909 et
1380 874 1567 910 Oratoris
1581 876 1688 922 regii
1702 877 1944 912 commenda-

386 937 498 971 titias
517 937 673 970 litteras
695 936 850 970 utiliter
867 935 1049 969 adhiberi
1067 937 1180 980 posse
1205 933 1717 969 existimat.—Curandum
1736 937 1944 981 praeterea

382 999 457 1043 per
475 995 675 1042 epistolas,
696 996 748 1029 ad
768 995 936 1029 Petrum
957 994 1240 1028 Mas-carenlzas
1258 994 1387 1035 datas,
1408 996 1453 1027 ut
1470 994 1532 1028 hic
1550 996 1661 1040 opem
1681 1005 1796 1028 suam
1815 988 1867 1029 ad
1878 986 1950 1030 hoc·

387 1055 591 1102 negotium
623 1053 805 1100 conferre
832 1064 879 1087 ne
905 1053 1332 1099 praetermittat.-De
1364 1052 1559 1087 Mansilla
1587 1053 1714 1088 sacris
1742 1053 1942 1089 ordinibus

385 1113 781 1149 initianda—Sacra
795 1115 872 1159 pro
891 1112 1097 1146 cardinali
1119 1111 1376 1146 Gnidiccioni
1395 1112 1529 1146 litata:
1544 1113 1660 1159 grati
1678 1111 1809 1147 animi
1831 1123 1941 1148 sensa

387 1185 486 1220 erga
505 1172 763 1219 ipsium—De
788 1172 882 1205 aliis
908 1172 1115 1206 Societatis
1136 1172 1403 1206 amicis.-De
1428 1172 1542 1206 sociis
1565 1172 1619 1207 ad
1644 1171 1764 1206 Indos
1788 1172 1942 1207 mitten-
2009 1186 2012 1224 ἱ

385 1232 573 1267 dis—De
591 1234 656 1277 spe
668 1230 835 1277 fructus
852 1231 962 1276 apud
980 1230 1161 1277 infideles
1179 1231 1380 1266 obtinendi
1397 1243 1442 1265 ac
1465 1231 1511 1265 de
1532 1231 1684 1277 gratiis
1708 1231 1939 1276 quibusdam
2008 1232 2011 1263 ι’

384 1304 409 1327 α
426 1292 513 1327 sede
533 1290 759 1337 Apostolica
777 1290 1058 1336 impetrandis,
2007 1289 2009 1294 '

412 1424 448 1454 1.
514 1412 688 1453 Acerca
710 1409 767 1453 de
789 1410 831 1452 10
855 1409 928 1453 del
950 1411 1046 1465 Rey
1067 1410 1199 1452 sobre
1221 1410 1263 1452 13
1283 1409 1474 1452 limosna
1495 1424 1603 1465 para
1624 1410 1667 1452 la
1689 1409 1939 1453 edificatit'm

315 1490 372 1532 de
393 1488 435 1530 13
458 1502 601 1541 cassa,
626 1486 802 1530 escribo
825 1490 850 1529 a
875 1487 1021 1530 Pedro
1045 1486 1236 1529 Codatio
1257 1487 1302 1529 10
1325 1501 1412 1541 que
1435 1487 1520 1529 alla
1542 1487 1657 1531 debe
1674 1487 1808 1530 fazer.
1830 1489 1940 1530 Para
1998 1489 2002 1558 J

316 1572 412 1610 este
435 1578 603 1608 verano
626 1579 686 1607 no
708 1578 793 1607 veo
816 1565 981 1606 mucha
1003 1563 1283 1619 disposition,
1309 1578 1391 1619 por
1412 1564 1455 1607 13
1476 1565 1641 1606 mucha
1667 1578 1832 1620 guerra
1856 1578 1950 1619 que-

316 1657 401 1686 veo
425 1657 474 1685 se
497 1641 677 1697 apareja
699 1655 757 1684 en
779 1640 1014 1684 defension
1036 1641 1092 1683 de
1115 1641 1182 1683 los
1202 1655 1369 1695 moros,
1393 1641 1461 1683 105
1483 1641 1654 1696 quales,
1676 1648 1842 1697 segunt
1859 1640 1940 1685 tie-

318 1734 407 1763 nen
431 1722 511 1761 303
534 1718 700 1770 nueba,
727 1717 890 1761 vienen
912 1731 998 1760 eon
1020 1731 1134 1774 gran
1156 1718 1309 1773 poder.

405 1807 445 1838 2.
513 1795 837 1851 Aprobeehara
859 1795 1024 1837 mucho
1045 1808 1134 1849 que
1156 1795 1349 1851 algunos
1377 1795 1639 1839 cardenales
1667 1794 1839 1851 amigos
1869 1795 1938 1839 del
1987 1811 1991 1853 Ι

316 1875 411 1928 Rey
434 1871 746 1927 eserybiessen
768 1871 810 1914 31
832 1873 928 1927 Rey
951 1871 1082 1914 sobre
1105 1877 1216 1923 esto,
1237 1871 1565 1915 informandolo
1588 1875 1708 1927 quan
1724 1871 1829 1914 bien
1846 1886 1934 1915 ern-

315 1949 473 2005 pleada
495 1963 626 2004 serya
647 1948 690 1990 13
712 1947 902 1991 limosna
924 1962 1011 2003 que
1033 1962 1091 1991 en
1113 1948 1369 1992 edification
1386 1949 1442 1991 de
1459 1963 1559 1992 essa
1575 1963 1703 1992 cassa
1720 1964 1770 1993 se
1786 1949 1933 2005 darya.
1983 1961 1986 1988 a

387 2099 397 2118 ¹
449 2097 507 2131 Ex
524 2096 607 2131 cod.
628 2096 743 2130 Rom.
763 2098 925 2143 apogr„
949 2108 988 2131 n.
1012 2106 1051 2141 4.
1082 2095 1201 2131 Aliud
1221 2102 1330 2131 extat
1353 2098 1551 2144 exemplar
1569 2097 1608 2133 in
1626 2098 1763 2133 eodem
1793 2097 1935 2144 codice,

314 2168 352 2190 n.
376 2154 429 2198 13,
453 2155 568 2190 etiam
587 2154 720 2200 lingua
737 2153 911 2201 hispana3
932 2160 972 2190 et
989 2156 1061 2190 sub
1079 2167 1117 2190 n.
1142 2155 1251 2202 13biS,
1270 2158 1533 2204 apographum
1546 2158 1744 2204 gallicum,
1764 2156 1936 2193 litteralis
1952 2175 1955 2178 ·
1995 2177 1997 2180 ·

315 2225 455 2260 nempe
476 2213 603 2248 versio
628 2218 760 2248 textus
784 2213 950 2260 hispani3
982 2214 1036 2249 ait
1060 2213 1177 2249 enim:
1207 2215 1358 2250 «Partie
1383 2215 1502 2251 d'une
1526 2216 1641 2250 lettre
1668 2215 1716 2251 de
1746 2215 1805 2252 S.t
1825 2217 1936 2252 Fran-

313 2273 393 2318 eois
412 2272 570 2316 Xauier,
590 2272 656 2319 qui
674 2284 716 2307 se
733 2272 853 2317 garde
871 2284 920 2307 au
938 2272 1100 2318 College
1118 2273 1169 2308 du
1197 2274 1548 2322 Pont-a-Mousson,
1573 2275 1714 2310 escrite
1740 2281 1780 2311 et
1804 2275 1934 2321 signee
1993 2316 1995 2318 v

312 2332 361 2367 de
379 2343 421 2367 sa
439 2331 556 2377 main,
577 2331 761 2367 traduitte
777 2331 825 2366 de
844 2332 1069 2378 l'Espagnol
1089 2344 1137 2368 en
1162 2333 1361 2379 Franeois.
1374 2346 1390 2367 n
1416 2334 1460 2369 P.
1485 2334 1671 2370 Possinus
1695 2334 1734 2370 in
1756 2334 1934 2371 Indiculo
1994 2351 1995 2354 ¹

313 2391 585 2438 Exegetic0‚.l.
613 2391 644 2435 1,
663 2402 725 2437 ep.
746 2391 853 2436 VIII,
872 2392 968 2426 haec
985 2392 1116 2427 habet:
1138 2392 1287 2439 «Hujus
1311 2394 1593 2440 autographum
1616 2393 1804 2441 principio
1827 2393 1937 2429 muti-'

311 2452 391 2486 lum
409 2455 632 2485 asservatur
650 2450 690 2485 in
708 2449 886 2496 Collegio
904 2450 1198 2498 Mussipontano
1215 2452 1304 2487 Soc.
1325 2454 1434 2498 Jesu,
1455 2453 1571 2498 unde,
1589 2454 1714 2499 gratia
1731 2454 1780 2489 R.
1805 2454 1852 2488 P.
1870 2451 1933 2488 Ni-

311 2509 410 2545 eolai
428 2509 586 2554 Rogerii
604 2509 820 2555 Praepositi
838 2510 1066 2545 Provinciae
1085 2510 1322 2557 Campaniae
1346 2511 1435 2547 Soc.
1463 2513 1573 2559 Jesu,
1598 2518 1638 2548 et
1660 2514 1707 2548 R.
1737 2513 1782 2548 P.
1809 2511 1948 2549 Caroli·
1989 2530 1992 2535 >

312 2567 508 2603 Francisei
531 2567 579 2603 de
598 2568 822 2603 Haraueour
845 2569 1021 2615 ejusdem
1045 2569 1212 2616 Collegii
1235 2571 1428 2615 Rectoris‚
1460 2572 1737 2619 Apographum
1766 2570 1947 2618 accepi.»

310 2628 422 2673 Quae
446 2626 485 2661 in
510 2627 747 2673 autographo
772 2627 1079 2674 Mussipontano,
1104 2628 1241 2664 eadem
1265 2629 1305 2664 in
1330 2630 1509 2665 omnibus
1533 2630 1764 2678 apographis
1787 2627 1931 2668 deside·

310 2691 461 2721 rantur.

381 2745 503 2781 «Cum
522 2744 630 2790 Jajus
656 2756 676 2779 e
702 2745 845 2790 Brixia,
865 2751 904 2781 et
922 2746 1101 2782 Laineze
1120 2747 1257 2782 Parma
1282 2750 1354 2784 sub
1378 2749 1470 2784 anni
1487 2749 1655 2785 labentis
1680 2742 1932 2797 Quadragesi·
1974 2775 1975 2778 η
2016 2782 2018 2784 ,

307 2815 393 2839 mae
411 2803 566 2839 initium
584 2804 728 2839 Romae
747 2816 834 2839 cum
853 2805 938 2840 aliis
956 2806 1147 2852 primariis
1171 2807 1287 2842 sociis
1311 2809 1582 2855 convenerint,
1608 2814 1650 2844 ut
1673 2809 1837 2856 primum
1859 2807 1930 2844 Ge·
1973 2816 1976 2819 ¹

306 2863 478 2898 neralem
504 2862 766 2909 praepositum
790 2863 989 2899 societatis
1014 2865 1219 2912 eligerent,
1245 2866 1392 2902 eisdem
1417 2867 1457 2902 id
1485 2868 1757 2905 nuntiantibus
1781 2866 1929 2903 videtur
1970 2899 1974 2903 ,

305 2921 497 2956 Xaverius
515 2922 615 2956 hane
632 2922 836 2968 epistolam
854 2923 1115 2969 rescripsisse:
1135 2924 1245 2970 cujus
1264 2930 1394 2961 tamen
1409 2926 1641 2973 principium
1655 2926 1927 2969 desideramus,
1972 2942 1977 2959 s

304 2980 389 3016 sine
406 2991 481 3027 quo
506 2980 600 3015 nihil
625 2980 722 3016 certi
745 2993 951 3028 possumus
974 2982 1174 3018 definire».
1194 2984 1380 3031 MENCH.‚
1400 2986 1647 3034 Prolegom„
1667 2997 1755 3033 pag.
1776 2983 1924 3021 LXXX.
1967 3013 1974 3019 .

303 3038 450 3074 —Vide
468 3039 649 3083 Possm„
669 3039 740 3075 lib.
766 3040 797 3084 1,
817 3051 881 3087 ep.
907 3040 965 3075 8.:
986 3041 1172 3087 MENCH.,
1192 3042 1259 3077 lib.
1281 3043 1312 3089 1,
1332 3055 1394 3090 ep.
1414 3055 1449 3090 9.
