2018 3510
20 222 21 232 ⁴
17 147 20 152 .
13 128 15 130 ¹
8 0 21 104 ‘'“Wffl

614 206 752 241 EP1sT.
780 205 920 250 4.—26
946 207 1055 252 JULn
1084 214 1176 251 1540
1593 216 1662 252 219

12 299 17 326 ²
82 316 297 368 hagamos
320 308 460 364 algi'm
485 308 620 359 fruto,
652 310 800 363 segi'm
828 308 894 350 los
921 308 1050 352 desta
1078 307 1243 351 ciudad
1271 323 1356 351 nos
1386 322 1468 350 son
1497 308 1711 351 aficiona-

83 390 177 432 dos.
204 388 270 430 Lo
292 399 381 441 que
403 389 429 427 έι
450 391 636 427 nuestro
659 385 804 429 Sefior
827 398 935 440 muy
957 386 1124 427 mucho
1141 399 1353 441 rogamos
1371 399 1419 428 es
1437 399 1525 439 que
1543 389 1711 441 augeat

82 478 234 509 eorum
248 463 406 519 fidem,
431 462 509 517 qui
531 462 583 503 de
605 461 732 503 nobis
754 461 957 517 aliquam
981 462 1329 517 expectationem
1360 461 1428 503 vel
1456 462 1712 516 opinionem
1757 507 1759 510 Α

85 541 255 585 liabent.
282 540 321 581 Y
343 553 425 594 por
447 539 489 581 la
511 537 694 594 opinio'n
716 552 804 593 que
826 538 882 581 (16
904 545 1138 581 nossotros
1167 537 1302 590 tiene,
1336 538 1582 581 confiamos
1611 552 1712 580 mu—

84 620 166 662 eho
188 632 244 661 en
265 615 377 659 Dios
399 621 585 659 nuestro
608 616 754 659 Sefior
777 629 882 669 que,
908 629 967 657 no
994 614 1199 658 rr‘iirando
1227 619 1253 657 ἐι
1282 621 1528 666 nossotros,
1561 613 1659 655 sino
1687 618 1714 655 ἐι

83 696 124 738 la
146 694 187 738 fe
208 694 264 737 de
285 693 355 735 los
377 706 465 747 que
487 706 569 734 nos
591 692 783 735 dessean
805 706 902 747 oyr,
929 705 1017 747 que
1039 706 1124 734 nos
1146 693 1205 735 ha
1226 692 1283 736 (16
1304 692 1384 734 dar
1407 691 1538 733 saber
1559 705 1588 745 y
1606 704 1712 746 gra·

85 771 151 814 cia
171 773 215 812 vt
229 770 458 825 possimus
481 772 520 811 et
542 768 769 810 consolari
790 782 874 820 eos,
898 771 938 810 et
960 782 1073 824 quae
1103 769 1169 811 vel
1196 768 1459 811 necessaria
1490 768 1557 810 vel
1585 767 1712 809 vtilia

85 850 189 892 sunt
210 846 269 889 ad
290 847 557 888 animarum
579 846 770 888 salutem
793 845 952 888 dicere.

168 926 238 967 De
260 922 428 966 Lisboa
449 927 475 965 ἐι
499 937 586 965 xm
611 923 666 966 (16
682 922 805 980 Julio
827 928 915 965 afio
944 933 1070 977 1540.

258 1002 347 1043 Por
370 1000 503 1042 todos
525 1005 647 1042 estos
668 1005 877 1043 vuestros
899 1000 951 1042 in
972 999 1173 1042 Domino
1195 998 1499 1051 charissimos,

1204 1077 1495 1120 FRANCISCO.

170 1233 413 1288 Inscriptio
444 1233 495 1274 in
525 1236 679 1274 octava
703 1233 902 1288 pagina.
933 1233 1053 1275 Ihus.
1095 1231 1187 1276 Alli
1216 1231 1358 1275 nostri
1387 1229 1636 1273 charissimi
1668 1229 1714 1272 in

84 1311 197 1366 Xpo.
225 1308 386 1353 fratelli
408 1311 471 1353 M.
502 1309 679 1365 Ignatio
701 1323 726 1352 6
749 1311 810 1352 M.
838 1308 1087 1352 Bobadilla.

168 1387 218 1429 In
239 1387 396 1429 Roma.

166 1463 272 1506 Alia
288 1477 432 1505 manu
449 1463 500 1504 in
518 1463 612 1505 ima
628 1478 711 1505 ora
729 1464 912 1519 quintae
923 1464 1145 1519 paginae.
1168 1463 1297 1506 Haec
1315 1461 1504 1518 epistola
1521 1476 1612 1504 non
1629 1475 1713 1504 au-

84 1541 299 1596 tographa
316 1540 364 1584 S.
385 1540 420 1582 F
423 1538 629 1583 raneisei.
652 1541 795 1583 Versa
812 1547 963 1585 tamen
980 1539 1120 1583 latine
1137 1547 1206 1584 est
1224 1554 1249 1582 a
1268 1541 1320 1582 P.
1343 1538 1551 1591 Possino,
1572 1553 1643 1594 ep.
1667 1550 1708 1581 2.

168 1617 226 1658 Et
246 1617 352 1668 alia,
377 1617 426 1658 in
448 1619 602 1658 octava
617 1617 815 1673 pagina.
843 1627 969 1672 1540.
995 1619 1065 1660 De
1088 1615 1270 1668 Lisboa,
1298 1617 1360 1659 M.
1387 1616 1422 1658 F
1426 1626 1575 1658 ran.00
1604 1615 1661 1658 (16
1687 1627 1711 1669 3

86 1692 176 1753 [sic]
203 1694 259 1737 de
275 1692 412 1751 Julio.

874 1861 912 1900 4

452 1951 559 1992 ΡΡ.
595 1951 893 1994 IGNATIO
926 1952 1014 1994 DE
1047 1951 1338 1994 LOYOLA

533 2045 599 2079 ET
618 2043 790 2082 PETRO
815 2044 1070 2087 CODACIO,
1090 2044 1281 2082 ROMAM

556 2128 830 2184 Ulyssipone
853 2129 909 2172 26
925 2128 1034 2187 Julii
1063 2139 1174 2183 1540
1201 2131 1227 2172 ¹.

85 2217 253 2255 Litteras
263 2221 509 2267 Apostolicas
518 2222 564 2257 de
575 2222 782 2257 Societatis
796 2223 1101 2270 confirmatione
1114 2226 1150 2258 et
1164 2223 1402 2270 spiritualia
1412 2222 1603 2257 exercitia
1613 2221 1717 2269 Regi

147 2281 386 2315 ostendenda
399 2281 850 2329 postulat.—Epistolas
863 2283 1061 2318 sociorum
1080 2282 1252 2329 Legatus
1265 2285 1518 2328 summopore
1532 2284 1709 2328 exoptat.

147 2338 408 2375 —Exercitiis
434 2340 666 2388 Ignatianis
702 2342 833 2387 aliqui
869 2342 952 2377 viri
976 2342 1179 2389 primarii
1204 2341 1504 2376 excoluntur.—
1521 2340 1714 2377 Stradam

150 2396 441 2434 Conimbricam
460 2400 702 2436 mittendum
720 2402 938 2443 existimat,
955 2404 1039 2436 tum
1056 2404 1099 2436 ut
1112 2402 1341 2436 studiorum
1357 2401 1608 2436 curriculum
1622 2403 1715 2447 per-

142 2455 270 2502 ficiat,
290 2460 376 2493 tum
395 2462 439 2494 ut
456 2460 618 2507 collegii
632 2461 841 2496 Societatis
857 2461 1152 2496 institutionem
1172 2463 1407 2507 praeparet,
1430 2472 1510 2506 qua
1534 2461 1580 2496 de
1605 2472 1648 2495 re
1667 2460 1717 2494 ab

148 2515 308 2563 Ignatio
322 2517 549 2565 informari
557 2519 1032 2567 postulat.—-Collegium
1054 2520 1279 2567 Ulyssipone
1294 2520 1402 2567 erigi
1410 2522 1523 2567 posse
1533 2519 1712 2565 judicat.

148 2576 483 2625 —Episcoporum
501 2580 547 2614 de
576 2579 719 2615 Indica
748 2581 996 2627 expeditione
1026 2580 1208 2615 diversae
1237 2580 1513 2626 opiniones.—
1519 2580 1713 2624 Quanam

147 2636 302 2672 ratione
319 2637 418 2673 socii
440 2640 702 2686 aggregandi
718 2640 800 2675 sint
817 2640 973 2676 edoceri
985 2640 1130 2687 poscit.

880 2705 910 2764 Ἰ(

166 2778 229 2822 La
256 2786 416 2836 gratya
442 2796 472 2837 y
498 2796 622 2825 amor
657 2783 714 2826 de
750 2784 869 2839 Xpo.
910 2790 1096 2827 nuestro
1133 2784 1282 2828 Sefior
1318 2796 1396 2826 sea
1432 2782 1626 2839 siempre
1654 2797 1712 2827 en

83 2861 261 2898 nuestra
277 2858 424 2912 ayuda
445 2873 476 2914 y
499 2859 639 2902 fabor.

154 2962 164 2982 ¹
212 2962 270 2997 Ex
286 2966 539 3011 autographo,
559 2964 599 3000 in
616 2967 702 3002 cod.
727 2967 843 3002 Rom.
869 2970 1032 3015 autogr.
1038 2993 1049 3010 ,
1068 2966 1213 3014 duplici
1230 2966 1335 3013 f01i0,
1355 2979 1393 3003 n.
1414 2966 1593 3003 CXCIII.

150 3019 248 3056 Tota
264 3022 428 3069 epistola
445 3036 561 3060 manu
586 3025 745 3061 xaverii
762 3031 921 3062 exarata
950 3031 1025 3072 est,
1057 3026 1225 3073 demptis
1254 3026 1362 3062 hisce
1393 3025 1539 3061 ultimis
1563 3025 1708 3060 verbis:
