2049 3360
304 160 374 207 966
799 160 1074 195 MONUMENTA
1101 160 1354 196 XAVERIANA

251 262 332 302 ria,
353 266 393 296 et
411 266 697 307 consequenter
714 261 837 296 tertia
855 260 973 306 feria
993 260 1230 307 praecedens
1249 260 1323 296 fuit
1343 261 1428 298 dies
1446 272 1504 308 24;
1534 265 1606 299 sub
1625 264 1741 300 finem
1759 271 1893 302 autem

252 319 431 366 ejusdem
450 319 638 367 epistolae
657 320 814 365 legitur:
837 318 953 356 «Oito
972 319 1055 354 dias
1074 320 1201 355 estive
1220 332 1281 356 em
1302 332 1397 366 mar3
1414 333 1435 357 e
1455 323 1543 358 bem
1563 323 1691 359 sabeis
1710 336 1785 371 que
1802 335 1892 364 cou-

253 391 298 414 za
316 380 365 414 he
384 384 487 414 estar
507 391 566 414 em
588 385 699 414 tones
717 390 803 413 com
824 384 964 414 ventos
985 382 1046 414 tao
1065 377 1186 415 fortes
1205 391 1317 416 como
1335 380 1457 416 forao.
1470 395 1487 414 »
1512 381 1554 417 Si
1573 394 1666 428 ergo
1684 383 1768 419 dies
1786 389 1890 430 octo,

252 437 319 485 qui
338 437 442 473 diem
462 447 506 482 24
526 437 633 483 Junii
651 438 906 484 praecedunt,
926 439 1117 474 Xaverius
1138 438 1175 473 in
1196 439 1334 474 mediis
1357 440 1541 476 fluctibus
1559 453 1646 477 cum
1665 441 1804 488 viginti
1824 454 1889 478 na-

253 497 371 544 vigiis
401 500 546 540 (tones)
576 496 761 540 traduxit,
794 508 871 532 non
902 503 1054 544 poterat
1083 497 1146 532 die
1175 507 1220 532 20
1246 499 1344 534 hanc
1374 499 1653 546 profectionem
1683 501 1893 548 disponere

250 559 378 600 (uesta
397 556 501 591 noite
523 567 582 590 me
602 562 711 602 parto
729 567 821 603 para
840 566 883 590 os
902 567 1077 591 socorrer
1095 567 1180 591 com
1200 556 1308 592 vinte
1329 563 1440 594 tones
1455 559 1503 594 de
1519 560 1756 606 Manaparn).
1782 561 1891 597 Haec

255 627 358 652 nunc
377 616 583 651 sufficiant:
604 617 719 663 paulo
738 616 900 652 inferius
921 616 1060 652 iterum
1079 617 1128 653 de
1150 630 1195 653 ea
1214 620 1432 666 loquemur,
1451 625 1491 654 et
1509 620 1789 666 explicabimus
1807 632 1891 667 pro-

256 675 427 710 babilem
447 686 617 710 errorem
643 675 804 719 librarii,
830 686 907 722 quo
932 675 1124 722 discusso,
1144 677 1309 723 epistola
1326 679 1438 724 haec,
1465 684 1508 713 ut
1526 679 1638 714 nobis
1662 679 1818 726 quidem
1836 679 1891 714 vi-

256 734 384 777 detur,
403 734 575 779 genuina
593 740 670 769 est.

306 794 375 839 Ep.
396 805 434 827 n.
456 791 538 829 26.
592 792 700 827 Idem
720 792 802 828 fere
820 792 1029 828 dicendum
1055 794 1104 829 de
1130 795 1201 830 hac
1221 806 1265 830 ac
1283 794 1332 830 de
1357 795 1606 842 praecedenti
1632 796 1809 844 epistola.
1830 798 1897 834 Vi-

257 852 371 887 detur
389 851 513 898 prima
531 852 659 888 fronte
679 854 899 900 apocrypha
920 865 967 888 ex
988 853 1063 899 his,
1088 865 1188 900 quae
1215 861 1412 901 postremo
1431 856 1516 891 loco
1540 855 1708 891 diximus
1733 856 1770 892 in
1789 868 1900 903 prae-

257 911 414 946 cedenti
433 922 608 955 numero;
629 923 717 947 narn
736 912 768 947 si
788 924 856 959 per
875 919 963 948 octo
981 913 1081 958 dies,
1100 913 1165 960 qui
1185 914 1288 948 diem
1307 923 1353 958 24
1371 915 1478 960 Junii
1498 915 1752 962 praecedunt,
1770 917 1896 952 Xave-

258 970 338 1005 rius
357 970 396 1005 in
415 970 510 1005 mari
531 976 709 1006 versatus
729 977 804 1016 est,
820 983 897 1006 non
918 972 1044 1018 potuit
1063 984 1112 1008 ex
1130 971 1272 1020 oppido
1293 973 1620 1021 Virandapatanai
1638 976 1736 1010 hanc
1754 975 1896 1022 episto-

238 1038 245 1045 ·
258 1031 334 1066 lam
353 1041 526 1066 exarare:
548 1036 751 1077 praeterea
769 1031 817 1067 de
836 1032 1059 1068 christianis
1078 1033 1184 1079 cupit
1203 1045 1224 1068 a
1244 1034 1421 1069 Mansilla
1446 1034 1608 1070 nuncios
1626 1035 1784 1078 habere,
1802 1035 1900 1082 quin

259 1089 498 1125 mentionem
517 1091 636 1126 ullam
660 1090 708 1125 de
734 1092 1008 1137 praesentibus
1032 1092 1330 1128 christianorum
1356 1094 1550 1129 aerumnis
1575 1095 1737 1130 verbum
1756 1093 1890 1130 faciat.

331 1148 457 1184 Etiam
477 1149 524 1184 de
544 1150 615 1185 hac
634 1149 799 1196 epistola
818 1150 959 1186 iterum
975 1151 1118 1187 redibit
1138 1163 1278 1187 sermo.

330 1209 401 1255 Ep.
423 1221 460 1243 n.
481 1206 573 1244 22».
630 1209 687 1244 Ex
714 1209 871 1245 monitis
902 1216 940 1245 et
966 1210 1197 1257 quibusdam
1225 1211 1394 1257 nunciis,
1415 1223 1436 1246 e
1454 1212 1621 1248 diversis
1641 1213 1816 1259 epistolis
1832 1225 1894 1250 co-

260 1268 402 1313 llectis,
422 1267 577 1303 videtur
595 1274 880 1314 coagmentata3
900 1271 1153 1316 quamobrem
1173 1275 1322 1306 tantum
1345 1277 1386 1306 ut
1401 1271 1552 1307 illarum
1568 1272 1817 1308 summarium
1832 1284 1897 1320 po—

262 1333 339 1363 test
358 1327 525 1362 admitti.
545 1327 632 1362 Non
651 1339 739 1363 esse
759 1334 880 1363 totam
900 1330 998 1364 hanc
1019 1329 1223 1375 epistolam
1245 1341 1321 1365 uno
1347 1336 1521 1377 tempore
1540 1331 1757 1366 confectam
1775 1338 1903 1379 patet,

261 1392 411 1422 attenta
431 1386 607 1433 ejusdem
626 1387 809 1423 lectione:
832 1387 869 1423 in
890 1388 1013 1435 primo
1031 1389 1136 1424 enim
1162 1390 1401 1436 paragrapho
1427 1389 1581 1426 videtur
1601 1390 1806 1438 tranquille
1824 1391 1901 1438 spi·

261 1445 467 1481 ritualibus
487 1446 629 1482 muniis
648 1458 805 1494 operam
832 1447 938 1482 dare:
969 1462 1034 1482 u...
1056 1459 1077 1483 e
1096 1459 1212 1494 agora
1237 1448 1322 1494 saco
1338 1451 1414 1495 qua
1431 1461 1501 1496 por
1523 1449 1623 1485 onde
1648 1450 1761 1492 ando,
1782 1453 1904 1487 senao

261 1511 406 1553 quanto
425 1505 498 1541 fico
516 1517 563 1541 ao
581 1512 764 1553 presente
784 1518 866 1542 sem
886 1513 997 1554 topaz
1017 1519 1037 1541 e
1053 1507 1280 1554 interprete:
1301 1520 1322 1544 e
1341 1520 1411 1555 por
1428 1509 1517 1556 aqui
1533 1510 1659 1545 vereis
1678 1521 1699 1544 a
1719 1509 1807 1545 vida
1824 1521 1901 1557 que

262 1567 351 1600 levo
370 1577 390 1600 e
410 1565 576 1612 praticas
600 1578 675 1612 que
700 1560 872 1611 faconssn:
901 1567 939 1601 in
965 1567 1137 1602 secundo
1158 1569 1411 1614 paragrapho,
1438 1580 1458 1603 e
1484 1574 1631 1614 contra,
1657 1569 1825 1616 loquitur
1848 1569 1899 1606 de

262 1623 499 1669 badagarum
518 1624 754 1670 incursione,
774 1631 813 1660 et
832 1625 884 1660 ait
904 1636 961 1669 se,
983 1631 1023 1660 ut
1037 1626 1269 1661 christianos
1284 1625 1458 1673 adjuvet,
1473 1637 1561 1662 cum
1577 1626 1717 1673 viginti
1731 1627 1902 1674 navigiis

261 1685 409 1726 (tones)
425 1683 634 1730 proficisci.

334 1743 405 1789 Ep.
426 1755 491 1778 nn.
511 1741 592 1786 ⁶2⁷,
612 1742 683 1779 28
702 1748 742 1778 et
761 1742 855 1782 3⁸».
913 1744 1126 1780 Videamus
1153 1750 1278 1780 utrum
1300 1745 1488 1791 epistolae
1513 1753 1558 1790 27
1578 1751 1616 1780 et
1635 1745 1679 1781 28
1697 1745 1897 1792 legitimae

262 1801 397 1837 haberi
416 1802 580 1849 possint,
600 1801 816 1838 rationibus
835 1814 949 1850 supra
974 1803 1101 1839 allatis
1127 1804 1299 1840 solidiori
1323 1804 1451 1851 aliquo
1474 1811 1704 1850 argumento
1725 1805 1900 1852 rejectis,

263 1861 326 1896 vel
346 1862 484 1896 saltem
509 1861 733 1908 explicatis.
757 1860 915 1909 Omnia,
934 1874 1034 1909 quae
1054 1863 1092 1898 in
1112 1869 1274 1910 utraque
1299 1863 1464 1910 epistola
1488 1869 1705 1909 narrantur,
1729 1865 1905 1912 apprime

264 1920 523 1967 explicantur,
543 1921 575 1956 si
593 1920 786 1968 fingamus
813 1922 1026 1969 librarium,
1052 1924 1125 1958 sub
1149 1922 1266 1958 finem
1292 1923 1480 1970 epistolae
1505 1932 1564 1968 27,
1590 1936 1790 1973 perperam
1809 1923 1902 1960 scri-

262 1979 389 2027 psisse
409 1989 457 2016 20
475 1981 522 2016 de
531 1980 673 2028 Junho
692 1993 760 2029 pro
778 1985 825 2017 10
843 1983 890 2018 de
898 1982 1053 2031 Junlzo,
1074 1988 1113 2018 et
1133 1983 1206 2018 sub
1223 1982 1341 2018 finem
1360 1983 1549 2030 epistolae
1569 1983 1613 2019 28
1632 1983 1770 2020 eodem
1788 1983 1904 2020 modo

264 2050 468 2086 perperam
487 2051 669 2076 exarasse
695 2050 741 2076 22
767 2042 814 2077 de
829 2041 970 2089 Junlzo
995 2053 1063 2088 pro
1082 2051 1124 2077 ιι
1149 2043 1196 2077 de
1213 2041 1366 2089 Junho.
1393 2042 1479 2078 Hoc
1502 2048 1649 2089 autern,
1668 2043 1772 2090 quod
1789 2043 1904 2091 alicui

264 2097 431 2133 fortasse
451 2098 590 2134 mirum
610 2099 822 2141 videbitur,
843 2100 982 2135 mirum
1007 2106 1113 2136 certe
1133 2112 1209 2136 non
1234 2101 1308 2136 erit
1326 2112 1441 2139 manu
1465 2101 1608 2149 scripta
1633 2101 1736 2138 illius
1756 2107 1907 2150 tempo·

265 2157 317 2192 ris
337 2158 604 2202 volventibus,
621 2163 660 2194 et
675 2158 759 2195 sine
779 2170 920 2205 magno
938 2159 1098 2206 negotio
1114 2159 1299 2207 explicari
1318 2166 1462 2207 potest;
1482 2173 1570 2196 nam
1589 2161 1628 2197 in
1647 2173 1738 2197 mss.
1759 2162 1904 2210 saepis-

266 2216 363 2252 sime
383 2217 654 2254 difficillimum
674 2224 734 2254 est
757 2227 770 2253 1
793 2224 834 2254 et
850 2228 871 2254 2
890 2219 1075 2263 discerni,
1103 2219 1276 2267 itemque
1297 2219 1526 2256 facillimum
1547 2226 1607 2256 est
1630 2231 1653 2256 ο
1670 2232 1740 2268 pro
1756 2221 1779 2257 6
1796 2233 1902 2259 assu-

266 2276 334 2312 mi.
360 2276 432 2312 His
451 2277 570 2323 igitur
587 2276 784 2321 admissis,
804 2278 1006 2314 videamus
1024 2290 1139 2326 quam
1158 2284 1248 2326 apte
1267 2279 1395 2315 omnia
1414 2279 1515 2315 inter
1533 2291 1575 2316 se
1593 2281 1840 2318 cohaereant.

338 2336 468 2382 Atque
487 2336 676 2384 imprimis
694 2348 822 2373 sermo
842 2338 893 2373 sit
911 2337 959 2373 de
979 2349 1040 2385 ep.
1063 2338 1120 2374 28.
1148 2339 1287 2374 Mirum
1313 2350 1390 2375 non
1409 2344 1483 2384 est,
1509 2339 1548 2375 in
1567 2351 1612 2375 ea
1637 2340 1730 2376 nihil
1756 2340 1833 2376 dici
1850 2340 1903 2377 de

266 2395 462 2431 aerumnis
480 2395 778 2432 christianorum
799 2408 888 2433 orae
907 2397 1118 2442 Piscariae,
1137 2398 1227 2446 quia
1244 2398 1307 2434 die
1330 2407 1367 2434 11
1389 2399 1497 2445 Junii
1520 2399 1646 2435 adhuc
1665 2399 1900 2447 badagarum

266 2453 435 2490 incursio
453 2465 529 2491 non
547 2456 760 2502 inceperat,
778 2457 840 2493 vel
861 2458 998 2492 saltem
1014 2457 1107 2493 nihil
1126 2457 1175 2493 de
1196 2469 1241 2493 ea
1260 2458 1410 2494 sciebat
1427 2459 1634 2504 xaverius,
1655 2459 1721 2506 qui
1739 2460 1900 2507 primam

267 2512 370 2548 illius
389 2514 567 2550 notitiam
592 2515 729 2551 habuit
754 2515 793 2551 in
819 2516 961 2563 oppido
985 2516 1226 2553 Combuture
1251 2516 1357 2560 (vide
1381 2529 1443 2564 ep.
1470 2526 1529 2563 27,
1555 2530 1593 2553 n.
1618 2521 1664 2562 1).
1691 2518 1774 2554 Nec
1797 2520 1906 2555 valet

267 2573 387 2607 altera
405 2573 517 2617 ratio,
545 2574 724 2621 superius
743 2576 859 2611 allata
883 2582 1018 2612 contra
1036 2576 1134 2612 hanc
1160 2576 1380 2623 epistolam,
1406 2577 1494 2613 scil.
1524 2578 1735 2613 Xaverium
1759 2589 1847 2614 esse
1864 2577 1907 2614 in

268 2632 378 2676 mari,
400 2633 581 2679 equidem
599 2634 638 2669 in
659 2635 726 2670 illo
744 2640 828 2670 erat
846 2635 910 2671 die
929 2644 988 2679 22,
1009 2647 1085 2671 non
1104 2647 1198 2671 vero
1216 2636 1279 2672 die
1298 2645 1335 2671 11
1358 2637 1484 2683 Junii.

340 2689 453 2726 Nunc
471 2692 518 2727 ad
538 2704 599 2740 ep.
620 2701 666 2738 27
685 2693 903 2730 veniamus.
926 2694 1089 2740 Legitur
1115 2694 1153 2730 in
1174 2695 1364 2742 principio
1388 2695 1506 2731 illius:
1533 2697 1614 2731 «Eu
1638 2697 1804 2743 cheguei
1821 2698 1909 2733 sab-

269 2748 370 2784 bado
388 2751 410 2784 a
429 2751 551 2786 tarde:
572 2752 858 2789 derao—meem
884 2753 1126 2790 Combuture
1152 2754 1275 2790 muito
1300 2757 1382 2791 mas
1405 2766 1528 2790 novas
1552 2755 1621 2790 dos
1645 2755 1834 2792 christaos
1857 2755 1912 2792 do

268 2809 368 2844 cabo
386 2808 434 2844 de
453 2809 668 2855 Comurim,
699 2824 776 2859 que
807 2823 849 2847 os
877 2813 1050 2859 badegas
1081 2825 1124 2849 os
1156 2814 1310 2850 levarao
1338 2814 1586 2861 captivoS...»
1614 2814 1740 2860 Igitur
1761 2815 1794 2850 si
1811 2815 1908 2850 haec

269 2867 435 2914 epistola
452 2867 542 2919 data
567 2869 640 2905 suit
664 2870 728 2906 die
756 2871 798 2906 16
823 2872 946 2917 Junii,
972 2871 1069 2908 feria
1093 2871 1279 2918 secunda,
1305 2873 1552 2920 Manaparem
1577 2873 1756 2920 pervenit
1777 2871 1841 2909 die
1863 2881 1908 2918 14

256 2919 436 2974 ¹vespere
454 2928 553 2971 («Eu
571 2929 737 2973 cheguei
755 2930 929 2967 sabbado
946 2933 967 2967 a
987 2931 1148 2976 tarde»).
1169 2932 1253 2968 Hoc
1271 2932 1418 2979 optime
1435 2933 1617 2968 cohaeret
1634 2943 1722 2968 eum
1741 2931 1788 2967 iis
1805 2942 1908 2979 quae
