2018 3510
323 238 391 272 444
816 232 1090 268 MONUMENTA
1117 232 1369 266 XAVERIANA

277 329 491 372 omnibus
520 345 610 373 non
639 331 780 386 possit
808 332 1030 375 satisfieri.
1063 332 1183 387 Quia
1203 339 1350 375 tamen
1372 331 1629 374 huiusmodi
1651 330 1908 374 inimicitiae

276 406 326 448 in
349 406 451 449 odio
474 421 658 450 suorum
682 417 970 464 peccatorum
995 409 1210 453 fundatae
1228 416 1372 461 erant,
1404 423 1494 450 non
1522 407 1629 450 mihi
1658 408 1903 460 molestiae,

274 484 355 526 sed
376 483 525 539 potius
556 484 878 528 aedificationis
915 483 1072 542 [fuere3
1105 485 1163 544 et]
1192 500 1349 528 eorum
1388 485 1587 528 uidendo
1624 484 1906 527 sanctissima

274 559 510 613 desideria,
536 560 580 603 id
604 563 724 604 haud
761 577 898 618 aegre
936 563 1149 606 ferebam.
1187 561 1434 604 Dominicis
1467 568 1511 605 et
1550 560 1724 603 festiuis
1747 560 1907 604 diebus

277 637 404 679 multi
427 638 839 692 communicabant3
865 639 1057 695 singulis
1080 654 1189 682 uero
1213 639 1373 682 diebus
1396 639 1594 681 virorum
1617 645 1663 681 et
1688 637 1906 682 foemina-

277 728 376 755 rum
400 728 502 756 cum
520 714 614 757 suis
644 715 820 758 familiis
849 715 1084 758 innumera
1112 715 1414 759 conueniebat
1439 714 1679 757 multitudo
1703 715 1759 756 ad
1788 714 1907 756 chri-

277 789 447 833 stianae
469 791 699 834 doctrinae
723 792 1088 845 declarationem,
1115 792 1221 847 quia
1243 807 1419 848 semper
1441 791 1610 846 aliquid
1633 807 1687 835 ex
1705 791 1909 846 symbolo

278 865 341 910 eis
369 866 662 922 explicabam.
697 869 747 910 In
763 868 1204 912 reconciliationibus
1240 868 1523 911 inimicorum
1559 868 1751 910 multum
1774 867 1910 911 etiam

277 945 547 999 occupabar,
574 944 678 999 quia
701 946 1049 1001 portugalenses
1072 959 1227 989 earum
1250 945 1488 1001 regionum
1506 943 1693 986 nimium
1710 943 1912 987 bellicosi

276 1027 397 1074 sunt3
424 1028 469 1062 et
491 1020 608 1063 sicut
631 1020 797 1063 Maluci
822 1021 1030 1074 feceram,
1056 1021 1230 1077 lingua,
1257 1036 1391 1072 quam
1411 1035 1565 1063 omnes
1583 1019 1907 1076 intelligerent,

277 1096 624 1139 declarationem
655 1097 845 1152 symboli
874 1097 939 1140 eis
971 1098 1218 1150 tradebam,
1251 1112 1385 1152 quam
1418 1096 1633 1140 orationis
1661 1098 1760 1139 loco
1787 1096 1912 1139 iuxta

277 1180 458 1228 captum
481 1188 609 1216 suum
635 1173 968 1226 retinerent,-et
1005 1174 1070 1217 sic
1092 1175 1284 1218 solidum
1313 1174 1356 1216 in
1391 1174 1456 1217 eis
1491 1175 1618 1216 fieret
1641 1174 1911 1217 fundamen-

286 1256 380 1291 tum
404 1249 449 1291 in
472 1250 560 1293 fide
577 1252 685 1307 Jesu
709 1250 893 1294 Christi.
916 1252 1043 1294 Haec
1065 1251 1309 1295 declaratio
1342 1251 1476 1293 unico
1503 1265 1621 1293 anno
1650 1257 1743 1292 tota
1766 1256 1913 1306 potest

285 1326 479 1378 edoceri,
505 1326 753 1382 pauxillum
778 1328 885 1382 quid
908 1328 1129 1384 quottidie
1150 1329 1464 1384 proponendo,
1498 1327 1620 1382 quod
1637 1334 1788 1369 mente
1809 1341 1913 1382 pos-

283 1409 352 1445 set
374 1402 572 1446 retineri:
594 1403 774 1459 saepius
796 1403 931 1447 etiam
949 1404 1138 1460 repetita
1155 1404 1341 1447 historia
1358 1404 1583 1447 aduentus
1595 1405 1706 1460 Jesu
1725 1402 1910 1455 Christi,

282 1477 479 1534 penitius
502 1478 769 1536 intelligitur
793 1488 837 1525 et
860 1481 1072 1524 memoria
1095 1481 1267 1523 firmius
1290 1480 1574 1537 imprimitur,
1607 1487 1652 1524 et
1679 1479 1744 1522 sic
1767 1479 1813 1521 in
1835 1494 1914 1523 ve-

282 1555 425 1598 ritatis
465 1556 770 1612 cognitionem
800 1565 845 1602 et
875 1558 1028 1600 odium
1056 1557 1402 1602 vanissimorum
1429 1558 1766 1613 figmentorum,
1800 1569 1916 1612 quae

284 1630 488 1675 infideles
511 1633 567 1675 de
589 1632 682 1676 suis
711 1633 841 1677 idolis
866 1641 911 1677 et
940 1634 1335 1691 superstitionibus
1364 1640 1410 1677 et
1440 1634 1605 1677 docent
1628 1640 1673 1677 et
1693 1632 1912 1684 scribunt,

286 1708 480 1752 venitur.
1565 1711 1568 1715 ’

380 1798 445 1840 14.
510 1787 575 1829 Ibi
598 1787 733 1832 etiam
755 1789 1032 1832 sacerdotem
1055 1788 1215 1843 reliqui
1236 1788 1353 1831 sicut
1381 1787 1563 1840 Maluci,
1588 1786 1665 1842 qui
1688 1800 1787 1829 meo
1812 1786 1914 1829 fun«

287 1869 470 1917 geretur
493 1864 655 1906 officio:
697 1865 829 1908 ualde
854 1872 1004 1908 tamen
1027 1880 1052 1908 a
1074 1864 1343 1921 primoribus
1372 1863 1496 1907 urbis
1527 1870 1716 1919 rogatus
1743 1877 1844 1905 sum
1866 1868 1916 1904 ut

288 1938 402 1981 duos
419 1940 474 1983 de
503 1940 729 1985 Societate
754 1956 808 1985 eo
832 1941 1072 1995 mitterem,
1104 1941 1180 1997 qui
1202 1941 1324 1997 ipsos
1356 1948 1401 1983 et
1423 1955 1585 1985 uxores
1614 1954 1666 1982 ac
1686 1940 1852 1982 liberos
1874 1944 1918 1982 et

289 2029 445 2058 seruos
468 2031 521 2060 eo
544 2018 693 2070 modo,
720 2032 810 2073 quo
832 2018 929 2074 ipse
958 2018 1191 2070 faciebam,
1227 2019 1483 2070 edocerent3
1524 2023 1569 2061 et
1596 2016 1701 2071 quia
1726 2015 1919 2057 multum

290 2091 531 2147 spiritualis
555 2094 730 2137 fructus
753 2094 858 2137 inde
875 2109 1022 2151 spero,
1047 2101 1092 2138 et
1114 2094 1198 2150 ipsi
1223 2095 1353 2137 ualde
1377 2092 1592 2138 Societati
1613 2098 1793 2135 nostrae
1815 2097 1921 2134 sunt

290 2167 458 2221 deuoti,
492 2171 615 2225 quod
637 2170 683 2212 in
706 2185 778 2215 me
799 2171 898 2224 erit,
924 2172 1093 2214 curabo
1121 2177 1172 2213 ut
1199 2169 1408 2226 sequenti
1436 2184 1571 2223 anno,
1603 2183 1706 2212 cum
1728 2167 1920 2224 primum

292 2258 431 2287 naues
455 2246 510 2287 ab
539 2246 664 2290 India
692 2248 911 2291 Malacam
940 2247 1162 2304 proficisci
1192 2247 1380 2303 possint,
1413 2260 1568 2290 eorum
1600 2243 1821 2289 desiderio
1847 2258 1920 2286 sa-

295 2319 446 2363 tisfiat.

387 2408 451 2451 15.
518 2399 634 2442 Cum
678 2414 824 2445 essem
861 2401 1062 2444 Malacae
1111 2415 1277 2456 magna
1313 2398 1422 2442 mihi
1460 2399 1711 2442 retulerunt
1748 2395 1920 2451 aliquot

294 2480 563 2517 mercatores
606 2477 972 2533 portugalenses,
1023 2476 1108 2519 viri
1151 2491 1242 2519 non
1280 2475 1474 2532 exiguae
1517 2472 1818 2525 auctoritatis,
1864 2472 1920 2515 de

293 2547 562 2603 quibusdam
578 2550 737 2595 insulis
757 2567 901 2609 nuper
929 2553 1142 2605 inuentis,
1174 2554 1231 2597 de
1253 2555 1403 2610 Japon
1430 2550 1720 2607 nuncupatis,
1751 2549 1798 2591 in
1820 2547 1921 2604 qui-

295 2625 396 2678 bus,
424 2632 472 2667 ut
490 2626 554 2669 eis
577 2627 829 2681 uidebatur,
854 2631 1093 2685 plusquam
1114 2629 1160 2671 in
1183 2629 1279 2672 aliis
1296 2628 1448 2671 Indiae
1464 2627 1574 2671 locis
1598 2625 1754 2683 profici
1771 2638 1919 2681 posse,

296 2699 401 2755 quia
422 2715 536 2757 gens
573 2702 646 2745 illa
683 2703 815 2747 auida
845 2705 1062 2761 imprimis
1100 2712 1168 2750 est
1205 2704 1466 2761 sapientiae,
1493 2704 1616 2759 quod
1646 2703 1740 2746 fere
1761 2701 1808 2743 in
1829 2700 1926 2743 aliis

296 2776 488 2820 indianis
505 2793 599 2821 non
620 2779 798 2822 accidit.
826 2781 1022 2835 Quidam
1045 2796 1100 2824 ex
1122 2780 1280 2824 insulis
1298 2780 1371 2825 del
1381 2781 1530 2838 Japon
1546 2777 1802 2835 praedictis,
1827 2777 1927 2820 An—

298 2867 436 2909 gerus
465 2854 646 2898 nomine
677 2857 725 2907 ¹¹,
757 2870 860 2899 cum
888 2857 1210 2901 mercatoribus
1237 2858 1294 2901 ad
1321 2871 1394 2901 me
1422 2862 1608 2900 uenerat
1629 2853 1925 2910 querendum,

298 2944 465 2987 magno
488 2945 591 2974 cum
613 2931 834 2975 desiderio
857 2932 964 2974 mihi
993 2933 1252 2976 confitendi:
1283 2948 1386 2976 cum
1410 2932 1529 2977 enim
1561 2930 1753 2987 aperiret
1781 2928 1930 2984 aliqua

361 3019 386 3040 ¹¹
438 3019 531 3054 Post
548 3019 845 3055 conversionem
864 3021 1006 3056 Paulus
1024 3033 1046 3055 a
1064 3021 1207 3056 Sancta
1225 3021 1320 3057 Fide
1338 3021 1482 3057 dietus.
