2018 3510
554 162 693 199 EPIST.
720 165 898 209 75.-26
926 167 1126 212 JANUARu
1156 178 1244 215 1549
1601 187 1670 224 509

177 261 248 303 De
271 261 493 318 Chochyn
517 269 544 317 ¹,
570 278 629 319 oy
652 274 705 318 25
730 266 786 308 de
809 267 957 310 Enero
980 268 1035 310 de
1065 280 1174 327 1549
1205 279 1249 313 ¹1¹,

269 338 466 382 Vuestro
488 354 547 383 en
568 341 650 383 X.⁰
673 342 934 386 charissimo
958 344 1190 398 hermano,

1060 423 1332 468 FRANCISCO
1365 428 1392 468 ⁷¹.

183 492 439 547 Inscriptio.
467 493 604 536 Carta
627 495 731 549 quel
755 497 806 538 P.
833 498 962 540 M.tr0
985 499 1021 541 F
1024 499 1227 542 rancisco
1255 501 1418 543 scrinio
1446 505 1501 548 de
1530 508 1712 550 Cochim

91 567 136 611 al
159 567 432 622 Prouincial,
459 569 501 613 el
518 570 571 613 Ρ.
594 572 640 614 M
649 575 726 613 ,tro
748 571 920 626 Simon,
941 575 1054 617 dela
1072 576 1319 631 Compaffia
1335 579 1505 636 deJhu.
1529 597 1583 624 en
1604 586 1714 626 Por—

93 645 235 700 togal,
261 648 287 687 a
309 644 505 701 peticion
528 647 585 691 de
606 661 668 690 vn
695 649 900 703 hombre,
932 665 1019 705 que
1049 655 1169 694 tenia
1201 655 1544 708 requerimiento
1567 674 1649 702 con
1671 662 1713 705 61

88 719 169 774 rei,
193 724 220 764 a
243 731 297 776 25
322 722 378 765 de
400 723 569 766 henero
590 717 647 768 de
675 735 800 782 1549.

869 960 943 1001 '25

424 1059 655 1115 JOANNI
696 1060 770 1112 ΙΙΙ,
816 1061 1191 1105 LUSITANIAE
1234 1064 1377 1107 REGI

568 1166 740 1209 Cocino
764 1167 820 1210 26
836 1167 1039 1225 Januarii
1069 1179 1179 1226 1549
1207 1172 1232 1212 ¹.

75 1269 279 1316 Joannem
296 1271 344 1306 de
370 1272 460 1307 Vila
475 1272 522 1307 de
544 1271 688 1314 Conde,
708 1273 753 1308 in
774 1273 1029 1309 Lusitaniam
1042 1275 1373 1324 proficiscentem,
1402 1280 1588 1315 laudibus
1605 1293 1715 1318 exor—

151 1332 240 1365 nat.
261 1330 437 1367 -Fidei
461 1332 802 1379 propagationem
832 1333 1116 1369 ministrorum
1153 1336 1275 1383 Regis
1307 1339 1488 1373 avaritia
1522 1340 1715 1387 impediri

152 1390 620 1437 conqueritur.—Regis
657 1389 818 1427 Ceilani
852 1392 897 1427 in
929 1393 1193 1428 christianam
1231 1396 1469 1443 religionem
1507 1399 1713 1434 odium.—

152 1448 301 1495 Regem
330 1448 564 1484 Lusitaniae
593 1450 640 1485 de
659 1449 788 1497 officio
813 1451 1002 1498 graviter
1028 1456 1173 1497 monet,
1209 1455 1324 1499 eique
1343 1455 1538 1501 Jacobum
1570 1459 1712 1493 Abuna

151 1508 378 1555 episcopum
392 1520 610 1544 armenum
629 1511 898 1546 commendat.

800 1593 992 1674 Senimr.

177 1734 214 1765 Ι.
281 1723 378 1766 ΝΞΟ
416 1737 604 1768 escreuo
636 1739 662 1767 a
699 1725 756 1768 V.
798 1725 857 1768 A.
899 1725 1295 1780 particularmente
1331 1741 1381 1770 os
1418 1727 1665 1772 disfauores
1685 1745 1713 1774 6

81 1812 211 1842 maao
233 1806 521 1853 tratamento,
547 1815 636 1856 que
659 1816 708 1845 se
732 1802 800 1846 faz
823 1816 901 1845 aos
924 1816 1011 1857 que
1036 1807 1113 1845 sao
1136 1803 1355 1846 christaos
1378 1804 1664 1848 conuertidos
1682 1809 1711 1847 a

79 1899 91 1926 1
129 1900 306 1946 Cochyn,
326 1900 413 1935 Eb.:
434 1900 601 1944 Coehin,
625 1901 692 1937 Co.
887 1909 919 1930 m
957 1903 994 1937 M
1014 1904 1048 1937 D
1068 1903 1136 1938 XL
1154 1903 1283 1949 VIIII,
1305 1903 1374 1938 Co.

147 2020 161 2040 ³
212 2020 271 2055 En
288 2019 495 2066 epistolam
523 2020 570 2056 P.
602 2021 828 2056 Tursellini.
856 2021 1066 2069 «Epistolis
1091 2021 1270 2056 omnibus
1298 2022 1534 2057 Lusitaniam
1560 2024 1709 2060 Emma-

75 2078 181 2114 nue'li
199 2079 317 2114 Petro
331 2078 411 2125 jam
431 2079 548 2126 datis,
567 2091 689 2115 naves
708 2081 856 2116 Malaca
874 2086 1082 2124 venerunt,
1102 2092 1200 2127 quae
1218 2086 1324 2115 certo
1349 2081 1578 2116 nuntiabant
1601 2082 1709 2118 Sina-

75 2149 160 2173 rum
177 2143 312 2185 portus
331 2138 530 2173 Lusitanis
554 2139 712 2185 penitus
737 2141 892 2175 clausos
917 2145 957 2175 et
982 2140 1147 2175 infestos
1174 2151 1261 2174 esse
1289 2151 1441 2174 omnes.
1473 2141 1554 2185 Ego
1579 2145 1709 2176 tamen

75 2197 359 2244 profectionem
386 2198 629 2245 Japonicam,
661 2198 709 2234 de
740 2211 817 2246 qua
842 2205 957 2236 antea
981 2199 1029 2235 ad
1054 2205 1093 2234 te
1118 2199 1270 2246 scripsi,
1297 2199 1589 2245 haudquaquam
1616 2200 1711 2246 abji-

75 2257 189 2293 ciam.
209 2257 309 2293 Nam
327 2256 422 2292 mihi
439 2257 534 2292 nihil
552 2256 703 2302 gratius
723 2257 901 2295 accidere
919 2263 1051 2305 potest
1068 2258 1107 2293 in
1125 2257 1220 2301 vita,
1236 2269 1350 2304 quam
1366 2257 1404 2292 in
1419 2257 1597 2293 maximis
1613 2258 1712 2294 meis

76 2316 275 2364 periculis,
293 2315 440 2352 Christi
459 2316 634 2363 Domini,
661 2322 700 2352 et
725 2317 971 2354 Christianae
994 2317 1194 2363 religionis
1218 2328 1334 2351 causa
1358 2317 1565 2363 susceptis,
1590 2317 1707 2352 vitam

78 2375 312 2422 transigere.
337 2376 604 2412 Christianum
622 2376 766 2423 quippe
786 2382 846 2412 est
865 2377 904 2412 in
922 2389 1038 2412 cruce
1057 2376 1180 2421 magis
1199 2387 1312 2422 quam
1331 2375 1371 2410 in
1394 2375 1526 2422 quiete
1551 2377 1703 2411 laetari.

22 2432 34 2435 ⁴
76 2435 185 2470 Deus
203 2446 273 2470 nos
290 2435 331 2471 in
354 2446 426 2470 suo
451 2436 656 2470 beatorum
681 2435 879 2471 domicilio
899 2436 1054 2482 jungat.
1081 2436 1226 2470 Amen.
1257 2435 1332 2469 IV.
1364 2435 1542 2470 Kalend.
1575 2435 1706 2470 Mart.

82 2493 264 2530 Cocino.»

146 2555 156 2575 ¹
207 2554 266 2588 Ex
283 2553 504 2600 apographo
519 2554 692 2601 antiquo,
712 2554 871 2591 Collect.
888 2554 1087 2596 Pombal.,
1104 2555 1187 2589 cod.
1203 2563 1298 2598 490,
1319 2553 1385 2588 fol.
1405 2551 1484 2587 103.
1501 2553 1599 2588 Tota
1612 2554 1707 2589 haec

75 2611 261 2649 Collectio
278 2612 319 2649 in
331 2612 513 2648 biblioth.
529 2614 678 2649 nation.
694 2613 984 2661 Ulissiponensi
998 2612 1342 2648 servatur.—Vide
1357 2613 1538 2656 POSSIN„
1553 2612 1621 2647 lib.
1638 2613 1707 2658 IV,

17 2686 22 2687 ⁷
71 2683 136 2719 ep.
159 2671 182 2707 6
206 2672 267 2717 (26
285 2673 372 2718 Jan.
408 2675 527 2718 1549):
555 2673 745 2719 Corum„
772 2684 873 2709 anno
903 2672 1008 2719 1548,
1040 2684 1101 2719 ep.
1122 2671 1144 2707 3
1171 2671 1231 2715 (28
1250 2672 1337 2717 Jan.
1377 2670 1493 2715 1548):
1522 2671 1705 2715 MENCH.‚

70 2730 138 2767 lib.
163 2732 235 2776 ΙΙΙ,
267 2743 332 2779 ep.
363 2731 398 2767 3.
426 2744 443 2765 «
458 2733 554 2777 Qua
582 2733 741 2769 ratione
771 2734 914 2769 ductus
952 2731 1128 2768 Cutillas
1158 2731 1319 2766 Possini
1336 2730 1614 2776 chronologiae
1637 2741 1707 2764 an-

69 2803 166 2826 num
180 2792 388 2838 integrum
402 2791 663 2838 subtraxerit,
682 2793 873 2839 nuspiam
889 2792 1064 2827 invenio:
1083 2791 1250 2826 minime
1268 2801 1361 2824 vero
1380 2789 1705 2829 subtrahendum,

69 2850 214 2886 evincit
221 2850 432 2897 particula
448 2849 570 2896 hujus
587 2852 776 2898 epistolae
795 2852 840 2887 in
857 2863 938 2897 qua
962 2852 1009 2886 de
1040 2861 1186 2896 nupera
1216 2853 1340 2884 morte
1364 2846 1562 2883 Michaelis
1581 2846 1703 2889 Vazii3

71 2911 116 2943 ut
132 2909 255 2945 etiam
281 2910 325 2945 in
354 2910 522 2956 epistola
542 2913 691 2955 quarta
717 2910 866 2946 Simoni
895 2909 1101 2954 Roderico,
1132 2920 1253 2954 quam
1279 2907 1341 2942 vel
1358 2907 1439 2952 ipse
1469 2904 1641 2940 Cutillas
1658 2906 1707 2940 28

64 2967 167 3013 jan.
191 2968 290 3013 1548
307 2969 513 3005 adscribit:
530 2969 599 3005 ubi
611 2969 739 3016 plura
747 2972 962 3017 praeterea
978 2970 1223 3009 narrantur,
1243 2967 1289 3001 de
1309 2965 1449 3011 quibus
1466 2964 1591 3010 paulo
1614 2966 1710 2998 ante
