2018 3510
581 243 723 277 EPIST.
756 249 909 286 17.-—15
937 241 1139 286 JANUARn
1162 247 1252 284 1544
1621 249 1690 286 299

92 346 393 390 «credimus».
421 346 573 400 Quam
591 334 650 387 ob
673 358 858 386 causam
881 342 947 386 eis
968 341 1184 384 mandaui
1201 340 1382 397 saepius
1402 351 1450 383 ut
1469 341 1590 398 [tam]
1614 357 1737 397 sym-

89 416 244 468 bolum
280 423 588 479 apostolorum
631 426 935 465 memorarent
966 433 1101 475 quam
1140 417 1250 461 alias
1292 417 1534 469 orationes,
1568 419 1735 475 quippe

92 519 118 546 a
162 516 252 558 quo
296 501 433 544 habet
470 502 606 542 homo
650 499 772 554 quod
816 497 874 541 sit
916 497 1206 540 christianus.
1234 497 1278 539 A
1307 496 1514 551 symbolo
1559 497 1613 539 ad
1657 497 1739 539 de-

92 594 191 623 cem
220 579 433 622 mandata
470 577 584 620 itum
607 585 691 620 est.
732 578 799 619 Ea
830 590 930 619 esse
967 575 1143 619 aiebam
1180 574 1332 630 legem
1370 572 1737 626 christianorum,

91 671 227 713 quam
255 656 292 699 si
317 655 434 712 quis,
468 655 532 697 uti
555 657 683 699 Deus
705 653 853 706 iussit,
880 652 1138 710 impleuerit
1160 650 1326 694 dicitur
1359 652 1506 693 bonus
1530 651 1737 693 christia—

88 750 193 788 nus,
219 734 256 778 si
282 749 391 777 uero
420 740 595 785 contra,
628 734 789 775 malus.
824 730 1079 775 Admiratio
1109 744 1278 786 magna
1311 736 1380 773 est
1403 727 1605 770 omnium
1634 743 1737 770 cum

85 812 439 856 christianorum
462 818 558 853 tum
582 809 840 867 gentilium,
872 809 1056 865 quando
1088 808 1245 851 uident
1275 821 1410 862 quam
1441 820 1586 861 aequa
1615 815 1658 849 et
1683 806 1738 847 ad

85 889 308 934 rationem
332 889 585 932 naturalem
608 902 836 944 propensa
858 886 917 930 sit
944 887 1016 930 lex
1039 884 1224 929 Domini
1247 884 1390 927 nostri
1408 885 1520 941 Jesu
1550 882 1734 926 Christi.

87 967 177 1012 Vbi
201 975 246 1012 et
273 969 360 1009 hoc
383 981 498 1022 opus
520 981 546 1008 a
573 965 705 1009 nobis
737 972 807 1009 est
839 971 1223 1015 consummatum,
1260 962 1365 1005 dedi
1394 961 1459 1005 eis
1489 960 1739 1003 orationem

86 1044 360 1088 dominicam
383 1052 429 1086 et
451 1043 772 1087 salutationem
795 1042 1068 1098 angelicam,
1096 1056 1225 1097 quas,
1251 1056 1325 1084 me
1347 1045 1642 1095 praeeuntem
1667 1052 1740 1080 se-

88 1122 198 1175 cuti,
230 1121 479 1171 duodecies
514 1135 596 1177 pro
625 1120 868 1177 adeptione
900 1119 1142 1162 duodecim
1172 1118 1466 1161 articulorum
1495 1115 1600 1158 fidei
1635 1130 1740 1171 pro>

91 1201 254 1245 tulere.

178 1291 218 1333 4.
284 1277 466 1334 Quibus
504 1276 706 1333 prolatis,
732 1276 916 1320 easdem
941 1275 1105 1320 iterum
1143 1273 1296 1318 decies
1334 1287 1415 1329 pro
1453 1270 1740 1315 assecutione

87 1358 245 1401 decem
268 1356 591 1398 mandatorum
614 1354 730 1411 legis
752 1356 838 1397 hac
861 1353 979 1398 serie
1001 1353 1321 1409 profuderunt:
1343 1349 1472 1392 initio
1495 1349 1740 1405 proloquor

86 1434 330 1478 articulum
352 1432 458 1477 fidei
477 1432 688 1489 primum,
714 1433 801 1475 sub
824 1446 960 1488 quem
983 1430 1086 1473 dico
1119 1444 1277 1474 eorum
1301 1428 1460 1484 lingua
1488 1433 1533 1470 et
1562 1425 1625 1468 illi
1649 1440 1739 1467 una

85 1526 281 1556 mecum:
313 1510 533 1554 «Domine
545 1512 656 1568 Jesu
680 1509 877 1562 Christe,
898 1509 962 1551 fili
979 1508 1081 1561 Dei,
1102 1509 1160 1551 da
1176 1506 1308 1550 nobis
1322 1505 1514 1563 gratiam
1535 1511 1583 1547 ut
1606 1503 1739 1559 inge—

86 1605 178 1634 nue
199 1597 244 1634 et
274 1589 373 1634 sine
395 1588 681 1631 dubitatione
703 1587 899 1644 primum
923 1586 1165 1630 articulum
1188 1585 1295 1629 fidei
1317 1584 1601 1628 credamus».
1627 1583 1737 1624 Eam

87 1667 218 1711 nobis
240 1666 416 1719 donari,
442 1666 646 1710 oratione
669 1665 896 1709 dominica
919 1665 1226 1721 imploramus.
1255 1663 1364 1706 Inde
1391 1661 1526 1704 simul
1549 1675 1574 1703 e
1597 1658 1737 1703 vesti-

69 1745 165 1803 'gio
204 1759 362 1788 omnes
399 1744 608 1787 dicimus:
640 1745 836 1788 «Sancta
874 1743 1041 1796 Maria,
1068 1749 1212 1785 mater
1244 1740 1429 1784 Domini
1452 1738 1595 1782 nostri
1628 1739 1739 1795 Jesu

91 1822 279 1875 Christi,
299 1822 490 1865 concilia
507 1821 638 1864 nobis
655 1837 682 1865 a
698 1821 790 1864 filio
808 1828 887 1864 tuo
909 1820 1120 1877 gratiam,
1146 1834 1236 1876 qua
1252 1818 1470 1875 ingenue,
1492 1816 1588 1859 sine
1606 1814 1734 1858 dubi-

91 1900 277 1953 tatione,
299 1899 494 1956 primum
512 1899 618 1942 fidei
636 1897 910 1958 [articulum]
932 1900 1188 1943 credamus.
1210 1899 1344 1940 Hanc
1362 1904 1411 1938 ut
1430 1894 1561 1937 nobis
1584 1892 1742 1936 conci-

86 1977 164 2021 liet
186 1977 382 2020 dicimus
405 1992 492 2021 aue
515 1977 674 2020 Maria.
700 1977 825 2022 Idem
849 1977 1019 2020 factum
1042 1983 1112 2020 est
1135 1976 1181 2018 in
1204 1974 1304 2018 aliis
1336 1972 1544 2017 undecim
1570 1970 1739 2014 articu—

86 2055 141 2098 lis
166 2057 191 2098 5.
212 2055 298 2099 His
320 2055 384 2098 sic
408 2055 622 2111 impletis,
642 2055 856 2098 mandata
878 2053 1180 2098 enunciamus
1202 2054 1259 2096 ad
1282 2054 1405 2095 hunc
1427 2050 1628 2093 modum:
1655 2048 1740 2090 im—

85 2132 241 2190 primis
277 2132 387 2175 mihi
421 2132 717 2189 proclamanti
746 2132 942 2189 primurn
971 2132 1236 2175 mandatum
1274 2130 1527 2173 acclamant
1563 2140 1739 2178 omnes;

88 2210 252 2255 exinde
274 2210 410 2254 simul
434 2224 594 2253 omnes
616 2209 826 2253 dicimus:
857 2209 1078 2253 «Domine
1100 2211 1213 2267 Jesu
1237 2206 1437 2260 Christe,
1463 2205 1526 2248 fili
1554 2203 1658 2258 Dei,
1684 2205 1742 2246 da

89 2288 222 2332 nobis
240 2288 451 2345 gratiam,
473 2302 563 2343 qua
582 2295 626 2330 te
642 2302 780 2344 super
802 2287 954 2331 omnia
975 2302 1128 2331 amare
1146 2286 1425 2329 ualeamus.»
1453 2285 1632 2328 Vocato
1656 2281 1741 2325 Dei

88 2365 273 2420 auxilio,
306 2379 464 2409 omnes
482 2365 700 2422 deinceps
730 2365 924 2408 dicimus
945 2364 1197 2408 orationem
1220 2361 1509 2406 dominicam.
1538 2360 1660 2403 Hinc
1685 2359 1740 2402 si-

32 2483 35 2486 .
90 2443 185 2486 mul
199 2442 364 2486 iterum
379 2458 552 2487 omnes:
575 2445 773 2488 «Sancta
784 2442 943 2495 Maria,
960 2449 1103 2485 mater
1119 2440 1304 2485 Domini
1320 2439 1464 2483 nostri
1476 2441 1588 2497 Jesu
1606 2437 1741 2481 Chri—

92 2520 167 2574 sti,
188 2519 345 2577 flagita
362 2520 494 2564 nobis
512 2536 538 2564 a
554 2520 670 2564 Filio
689 2528 768 2564 tuo
786 2520 996 2577 gratiam,
1018 2535 1106 2576 qua
1124 2520 1358 2562 ualeamus
1379 2517 1574 2575 primum
1598 2516 1741 2559 adim-

50 2598 53 2601 ’
87 2598 210 2654 plere
233 2599 543 2642 mandatumzn
571 2613 707 2654 quam
731 2597 926 2655 gratiam
953 2596 1029 2640 ubi
1046 2597 1330 2653 postulamus
1352 2594 1546 2638 dicimus
1569 2594 1741 2638 saluta-

87 2674 257 2720 tionem
281 2675 551 2732 angelicam.
577 2677 644 2719 Ita
663 2677 835 2720 facturn
853 2682 923 2720 est
945 2675 992 2718 in
1014 2674 1113 2718 aliis
1130 2689 1298 2718 nouem
1317 2672 1558 2716 mandatis.
1586 2673 1653 2714 Ex
1672 2670 1743 2712 his

156 2845 170 2866 ⁵
221 2843 404 2891 Cutillas,
423 2844 751 2892 quotiescumque
770 2844 820 2880 de
837 2843 930 2879 fidei
949 2843 1125 2879 articulis
1144 2842 1226 2889 agit
1243 2842 1453 2886 Xaverius,
1473 2852 1678 2877 numerum
1698 2848 1741 2874 12

86 2902 246 2939 omittit:
272 2903 375 2939 idem
393 2904 488 2940 facit
506 2904 770 2948 Tursellinus,
789 2904 856 2952 qui
874 2909 1021 2948 tamen,
1040 2909 1246 2951 postquam
1266 2915 1312 2939 ea
1330 2907 1475 2946 narrat,
1494 2912 1595 2948 quae
1614 2901 1742 2935 Xave-

86 2961 167 2997 rius
185 2968 274 3010 post
291 2963 406 3011 primi
429 2963 522 2999 fidei
546 2964 702 2999 articuli
726 2963 1015 3011 expositionem
1039 2963 1226 3009 faciebat,
1251 2962 1373 2998 addit:
1402 2960 1599 2997 «Eandem
1626 2960 1740 3006 plane

88 3022 281 3058 rationem
299 3023 340 3060 in
363 3024 525 3072 reliquis
550 3025 734 3060 undecim
759 3024 938 3071 Symboli
962 3024 1178 3070 (articulos
1193 3023 1299 3071 fidei
1325 3022 1380 3057 ait
1404 3026 1581 3057 nostrum
1609 3030 1740 3054 exem-

34 3087 36 3090 ’
87 3082 187 3129 plar)
205 3083 400 3131 capitibus
419 3089 649 3121 tenemus.»
