2018 3510
310 207 379 252 334
808 205 1082 241 MONUMENTA
1107 204 1362 239 XAVERIANA

256 307 524 353 charissimo
548 309 691 351 Irmao
715 309 729 330 ⁵
754 308 821 350 fas
844 322 870 350 a
891 307 1023 350 saber
1045 321 1095 349 os
1117 310 1272 362 xpaos.
1297 320 1386 361 que
1408 309 1533 348 estao
1561 304 1744 361 fugidos
1773 319 1844 349 em
1866 318 1893 347 0

259 397 396 438 mato,
423 400 511 442 que
535 400 585 429 os
607 386 828 428 roubarao
851 398 901 427 05
922 384 1142 439 badegaz,
1178 397 1203 426 e
1227 383 1388 427 ferirao
1420 385 1529 425 hum
1552 387 1681 438 xpao.
1715 396 1741 424 e
1762 388 1894 425 outro

259 463 431 521 gentio.
463 465 533 507 De
562 464 691 505 todas
718 477 767 505 as
795 468 945 517 partes
977 467 1121 504 ternos
1149 464 1244 503 mas
1267 461 1281 482 ⁶
1305 474 1471 503 novas„
1499 460 1714 503 Louvado
1746 459 1839 514 seja
1866 473 1893 501 0
1937 474 1947 478 ·

258 541 438 585 Senhor
458 542 581 583 Deos
604 553 711 596 pera
733 553 925 594 sempre.

615 618 762 660 Vosso
784 616 928 658 Irmao
951 629 1022 658 em
1045 615 1124 657 X.⁰
1143 612 1423 668 charissimo,

1225 692 1519 736 FRANCISco.

348 772 605 828 Inscriptio.
635 771 784 814 Outra
806 783 910 825 pera
931 783 957 812 0
985 783 1159 812 mesmo
1190 770 1267 812 Re
1293 766 1571 828 [Mansillas]‚
1598 768 1653 811 de
1676 769 1893 824 Manapar

257 866 286 893 3
316 863 365 907 19
388 850 443 893 de
467 850 646 905 Agosto
668 847 725 891 de
755 857 880 901 1544.

1038 1065 1117 1105 34

350 1174 699 1219 FRANCISCO
735 1173 1113 1225 MANSILHAS,
1140 1173 1227 1216 AD
1257 1173 1437 1216 ORAM
1469 1173 1803 1217 PISCARIAM
1854 1173 1857 1179 “

707 1288 951 1343 Manapare
975 1298 1031 1329 20
1053 1285 1258 1342 Augusti
1287 1298 1303 1329 Ι
1312 1296 1397 1340 544
1423 1287 1448 1329 ¹.

257 1403 469 1449 Exiguum
485 1411 563 1436 esse
581 1399 641 1434 ait
658 1399 885 1433 amicorum
905 1410 1134 1439 numerum,
1154 1409 1293 1433 eorum
1308 1398 1470 1444 scilicet,
1486 1399 1556 1444 qui
1579 1410 1669 1434 eum
1687 1399 1732 1433 in
1755 1397 1896 1445 infide-

327 1462 430 1497 libus
447 1461 500 1496 ad
514 1470 653 1495 veram
664 1458 791 1505 fidem
810 1458 1069 1494 traducendis
1088 1457 1658 1503 adjuvent.-Brachmanem,
1685 1457 1897 1493 Tutucuri-
1932 1441 1938 1456 ⁸

326 1532 426 1556 num
444 1531 534 1555 cum
549 1518 697 1554 litteris
714 1518 768 1552 ad
782 1518 989 1564 Dynasten
1007 1517 1320 1552 Beterbemalem
1340 1517 1671 1565 proficiscentem,
1694 1517 1774 1563 ipsi
1796 1528 1896 1552 com-

330 1580 511 1616 mendat.

356 1713 391 1743 1.
458 1696 735 1742 Charissimo
764 1697 924 1739 Irmao.
957 1698 1080 1740 Deos
1112 1696 1208 1751 seja
1231 1710 1408 1752 sempre
1437 1710 1694 1740 comvosco.
1726 1697 1891 1741 Amen.

351 1777 461 1821 Polo
483 1774 577 1818 dito
595 1775 653 1817 do
676 1774 855 1819 Senhor
877 1788 965 1829 que
994 1772 1081 1816 diz:
1108 1774 1186 1829 qui
1214 1787 1306 1815 non
1337 1776 1401 1816 est
1425 1787 1613 1826 mecum,
1637 1776 1795 1816 contra
1825 1787 1895 1816 me
1937 1785 1942 1788 ’

331 1958 345 1977 5
394 1955 440 1990 In
458 1953 635 1989 hocloco
658 1950 865 1998 perspicue
890 1955 1051 1986 vocatur
1076 1950 1286 1986 Guarimus
1310 1950 1508 1986 Francisci
1533 1951 1736 1987 Mansillae
1762 1951 1894 1996 frater3

259 2015 330 2052 sed
348 2025 475 2061 neque
495 2012 579 2059 ejus
597 2022 808 2058 germanus
827 2010 947 2046 frater
965 2015 1063 2057 erat,
1082 2022 1210 2057 neque
1238 2010 1447 2046 Societatis
1474 2011 1571 2057 Jesu
1598 2012 1830 2058 membrum,
1855 2015 1897 2047 ut

259 2076 333 2111 hoc
351 2073 623 2119 religiosorum
642 2070 820 2107 ordinum
839 2071 1075 2106 vocabulum
1092 2070 1167 2117 ipsi
1185 2069 1458 2117 applicandum
1473 2076 1592 2115 esset3
1608 2082 1696 2106 nam
1711 2075 1865 2106 constat
1878 2081 1899 2105 e

259 2133 457 2170 Societate
476 2131 696 2167 Mansillam
721 2134 873 2165 tantum
900 2135 940 2165 et
966 2128 1179 2164 Xaverium
1204 2128 1244 2164 in
1274 2129 1351 2164 illis
1384 2129 1580 2165 Indiarum
1610 2129 1705 2165 locis
1737 2129 1898 2174 versari3

260 2198 465 2241 praeterea
482 2191 522 2226 in
540 2189 791 2237 praecedenti
809 2188 1062 2224 annotatione
1081 2188 1250 2224 vidimus
1269 2200 1373 2234 eum,
1392 2193 1495 2224 teste
1514 2189 1563 2224 P.
1589 2189 1793 2236 Filipucci,
1806 2201 1900 2235 gen-

260 2254 372 2289 tilem
390 2256 457 2287 aut
474 2251 790 2285 mahometanum
809 2260 912 2294 esse,
932 2248 1036 2295 quod
1054 2248 1172 2284 etiam
1191 2248 1339 2284 eruitur
1357 2260 1405 2283 ex
1423 2261 1461 2283 n.
1483 2258 1504 2283 2
1527 2249 1798 2295 praecedentis
1822 2249 1901 2296 epi-

262 2313 399 2348 stolae.
421 2311 463 2346 Si
479 2310 673 2355 fingamus
692 2308 892 2343 librarium
906 2308 946 2344 in
959 2308 1075 2354 hujus
1090 2307 1240 2354 periodi
1254 2307 1554 2354 transcriptione
1568 2309 1717 2344 nullum
1731 2320 1900 2344 errorem

260 2370 519 2413 commisisse,
539 2367 748 2403 dicendum
767 2367 922 2403 videtur
939 2367 1168 2413 Xaverium,
1193 2371 1351 2414 propter
1369 2367 1544 2403 Guarimi
1568 2368 1607 2403 in
1628 2380 1717 2403 eum
1736 2373 1776 2404 et
1802 2368 1900 2403 chri-

262 2430 409 2466 stianos
429 2429 580 2463 illarum
599 2427 767 2473 partium
785 2437 957 2461 amorem
972 2431 1012 2461 et
1025 2425 1359 2471 benevolentiam,
1374 2426 1502 2473 ipsum
1520 2425 1650 2462 fratris
1664 2427 1821 2462 nomine
1835 2437 1899 2462 vo-
1932 2467 1938 2472 „

260 2501 388 2528 casse,
407 2486 733 2534 quemadmodum
752 2486 890 2521 Patres
907 2486 1075 2520 vocabat
1092 2485 1180 2520 illos
1198 2485 1437 2530 sacerdotes,
1456 2485 1523 2532 qui
1539 2497 1628 2521 cum
1645 2486 1730 2533 ipso
1753 2487 1900 2522 labora-

262 2550 372 2593 bant,
392 2547 476 2582 sive
495 2545 704 2581 Societatis
723 2550 857 2580 essent
875 2544 960 2580 sive
979 2545 1200 2580 saeculares
1218 2545 1454 2592 presbyteri.
1473 2544 1516 2580 Si
1533 2556 1627 2580 vero
1651 2546 1815 2582 verbum
1833 2545 1900 2581 ali-

260 2606 366 2655 quod
384 2605 558 2641 additum
577 2606 640 2640 vel
657 2616 909 2653 suppressum
934 2604 1142 2650 fingamus,
1168 2609 1261 2639 tunc
1285 2604 1404 2639 statui
1427 2609 1590 2651 possent
1613 2605 1744 2640 variae
1767 2605 1898 2640 lectio-

263 2679 349 2713 nes,
368 2677 478 2712 quas,
498 2669 634 2710 utpote
658 2663 783 2698 solido
808 2663 1065 2699 fundamento
1090 2663 1316 2710 destitutas,
1341 2663 1512 2699 libenter
1536 2664 1898 2711 praetermittimus,

263 2731 416 2762 textum
434 2724 604 2768 integre,
623 2728 666 2758 ut
682 2724 869 2769 solemus,
894 2722 1108 2758 lectoribus
1133 2722 1374 2758 exhibendo.
1398 2723 1585 2759 Possinus
1603 2725 1768 2760 verbum
1791 2734 1900 2760 vosso
1927 2763 1929 2766 ¹

262 2783 409 2828 omisit,
429 2782 533 2818 unde
552 2793 711 2817 sensum
729 2781 886 2816 omnino
905 2781 1085 2826 mutavit3
1106 2781 1161 2816 ait
1178 2782 1296 2817 enim:
1325 2781 1495 2829 «accipio
1518 2782 1733 2829 Epistolam
1753 2794 1775 2818 a
1798 2783 1901 2819 Gua-
1926 2814 1930 2815 ⁷

264 2845 376 2888 rimo,
395 2854 471 2889 qua
490 2853 564 2883 me,
585 2840 813 2876 charissime
832 2841 982 2885 Frater,
1001 2841 1209 2877 certiorem
1227 2841 1362 2877 facit».

336 2905 351 2926 ⁶
401 2901 514 2945 mais,
531 2912 609 2936 ms.

338 2963 348 2982 ¹
399 2961 457 2996 Ex
482 2960 565 2995 cod.
591 2958 711 3000 Mac„
732 2957 772 2993 ff.
792 2956 930 2992 31v-32
947 2957 1133 2993 r.—Vide
1157 2959 1341 3006 Possm„
1367 2959 1439 2996 lib.
1464 2960 1515 3004 11,
1541 2972 1602 3007 ep.
1638 2969 1693 3006 14:
1711 2961 1896 3006 MENCH„

264 3021 336 3057 lib.
357 3021 389 3064 1,
410 3031 472 3067 ep.
493 3018 556 3054 31.
