2049 3360
348 172 418 217 964
842 167 1117 202 MONUMENTA
1144 166 1395 200 ΧΑνΕΗιΑΝΑ
2015 157 2042 222 »i

1039 362 1095 417 N..
1126 361 1180 405 fl.
2020 352 2037 414 s,

490 495 826 525 EPISTOLARUM
861 495 909 524 ΙΝ
943 494 1038 524 Hoc
1072 494 1322 528 VOLUMtNE
1354 493 1713 523 coNTENTARUM
2011 475 2037 530 :ss

456 553 459 556 ¹
849 565 1018 614 Βκενιε
1052 565 1351 602 msomsle
2004 537 2035 594 j

367 682 506 720 Officio
541 688 671 718 nostro
701 682 840 717 deesse
871 681 1067 729 nonnullis
1099 681 1334 726 videremur,
1367 682 1399 716 si
1429 681 1477 716 de
1509 681 1698 728 epistolis,
1724 683 1931 729 hueusque·

296 741 424 782 editis,
440 742 626 787 judicium
648 747 837 784 nostrum,
857 742 1139 788 qualecumque
1159 740 1253 775 illud
1273 740 1337 784 sit,
1358 751 1432 776 non
1452 740 1805 787 interponeremus.
1823 740 1928 776 Sane
1960 773 1962 776 ,

296 801 334 835 in
354 800 591 835 excudendis
610 801 894 836 MONUMENws
914 800 1177 835 XAvr-:mANts
1191 799 1387 845 integrum
1406 799 1518 834 nobis
1534 811 1609 835 non
1625 806 1707 835 erat
1721 811 1788 846 pro
1802 800 1935 835 lubiton

296 871 343 901 ex
364 859 453 904 illis,
474 872 510 893 v.
530 871 588 904 gr.
611 865 804 905 tamquam
825 860 1080 906 apocryphas,
1108 859 1252 905 aliquot
1273 857 1457 905 epistolas
1478 870 1717 905 expungere,
1737 860 1867 906 plures
1885 859 1924 895 in

297 930 409 953 unam
429 920 672 964 contrahere,
699 924 764 954 aut
789 924 922 967 contra
948 930 1062 953 unam
1084 919 1122 953 in
1142 919 1272 964 plures
1296 929 1487 953 resecare:
1513 918 1754 954 debebamus
1776 925 1920 964 autem,

295 990 342 1021 ne
361 978 451 1024 quid
472 978 508 1012 in
527 985 656 1013 nostra
676 978 847 1013 editione
866 978 1168 1020 desideraretur,
1189 978 1274 1013 illas
1293 977 1410 1013 etiam
1430 989 1565 1013 omnes
1583 978 1767 1013 adhibere
1783 978 1925 1025 episto-

295 1039 363 1080 las,
391 1050 503 1083 quae,
532 1050 552 1072 a
579 1038 812 1083 Tursellino,
835 1038 1020 1086 Possino,
1048 1036 1280 1083 Cutillaset
1307 1038 1517 1072 Menchaca
1545 1038 1648 1084 typis
1678 1038 1921 1082 commissae,

295 1097 436 1143 ubique
454 1097 631 1142 gentium
662 1097 1000 1132 circumferuntur.
1035 1096 1092 1140 Id,
1121 1096 1223 1143 quod
1255 1096 1450 1143 proprium
1477 1096 1598 1132 nostri
1623 1097 1794 1132 muneris
1824 1103 1929 1143 erat,.

292 1156 472 1201 religiose
504 1156 780 1202 praestitimus,
802 1162 999 1202 usurpata,
1030 1155 1319 1202 perspicuitatis
1342 1156 1482 1200 gratia,
1508 1167 1755 1191 numerorum
1785 1156 1922 1192 distin-

292 1215 435 1259 ctione,
456 1222 497 1250 ut
517 1215 667 1250 facilius
687 1215 986 1265 unumquodque
1007 1221 1299 1250 monumentum
1315 1215 1511 1261 designari
1529 1216 1666 1262 possit,
1681 1221 1721 1251 et
1735 1216 1928 1262 adhibita,

292 1285 378 1309 cum
399 1287 459 1309 res
479 1276 714 1321 postulabat,
736 1276 946 1310 lectionum
967 1276 1170 1319 varietate,
1190 1286 1304 1321 quam
1324 1274 1468 1310 diversi
1488 1274 1642 1310 codices
1661 1275 1918 1311 exhibebant.

364 1335 508 1383 Verum
527 1334 631 1369 dicet
649 1335 854 1381 quispiam:
875 1346 974 1381 quae
995 1334 1033 1368 in
1051 1335 1122 1369 hoc
1141 1333 1338 1369 volumine
1357 1334 1605 1369 continentur
1619 1335 1822 1381 epistolae,
1853 1347 1930 1370 eae

293 1383 424 1428 omnes
442 1393 602 1438 genuini
622 1393 807 1428 censendi
826 1399 917 1428 sunt
935 1400 1067 1439 partus
1087 1392 1296 1428 Xaveriani
1315 1393 1478 1439 ingenii,
1497 1399 1563 1428 aut
1578 1393 1725 1440 aliquot
1749 1394 1834 1430 aliis
1858 1395 1927 1429 ad-

292 1451 536 1487 scribendae?
556 1452 722 1498 Deinde,
742 1452 897 1499 scripsit
916 1452 1107 1487 Xaverius
1127 1453 1327 1498 epistolas,
1347 1452 1671 1499 quemadmodum
1696 1453 1782 1488 heic
1802 1453 1921 1489 edun-

290 1517 364 1554 tur,
392 1513 451 1546 vcl
483 1511 621 1558 aliquis
653 1511 853 1546 breviores
871 1511 1104 1558 quandoque
1136 1512 1285 1546 litteras
1315 1511 1580 1558 amplificavit,
1608 1512 1803 1558 longiores
1828 1524 1928 1548 vero

290 1581 575 1617 nonnumquam
593 1571 802 1615 contraxit,
822 1570 1033 1617 divisitque
1054 1570 1092 1605 in
1111 1569 1259 1617 plures?

360 1631 445 1674 His,
470 1642 567 1677 quae
593 1643 614 1665 a
637 1630 868 1677 quibusdam
894 1630 1027 1678 quaeri
1053 1636 1231 1677 possunt,
1257 1641 1378 1676 pauca
1408 1630 1748 1677 respondebimus.
1781 1631 1923 1678 Neque

288 1689 391 1724 enim
410 1691 573 1725 multum
593 1691 632 1725 in
650 1690 710 1725 his
729 1690 923 1725 immorari
942 1689 1056 1725 nobis
1075 1689 1181 1735 licet,
1200 1700 1287 1724 cum
1309 1690 1430 1724 moles
1449 1690 1563 1736 hujus
1582 1689 1789 1726 voluminis
1803 1702 1924 1737 supra

290 1749 442 1783 modum
458 1749 692 1794 excreverit,
705 1761 832 1796 neque
850 1755 999 1785 tantum
1015 1749 1126 1784 nobis
1145 1760 1370 1794 arrogamus
1390 1755 1447 1795 ut,
1462 1761 1560 1796 quae
1576 1749 1615 1784 in
1629 1750 1700 1785 hoc
1715 1761 1920 1796 argumen—

288 1814 327 1842 to
342 1808 473 1854 quaeri
488 1809 731 1855 invenirique
747 1808 912 1855 possint,
928 1807 1161 1843 arbitremur
1175 1820 1245 1843 nos
1260 1807 1416 1854 quidem
1432 1820 1477 1843 ea
1493 1809 1620 1844 omnia
1635 1809 1921 1844 exhaurivisse-

289 1868 576 1913 Amplissimam
595 1868 756 1914 hujusce
781 1868 907 1914 campi
934 1874 1110 1914 segetem
1135 1867 1372 1902 doctioribus
1397 1867 1482 1903 aliis
1507 1868 1760 1915 relinquimus
1788 1868 1924 1904 deme-

287 1927 456 1962 tendam.
476 1928 630 1963 Interea
650 1939 742 1963 vero
768 1927 909 1974 aliqua,
931 1927 1008 1963 illis
1033 1928 1277 1974 potissimum
1296 1925 1511 1974 profutura,
1530 1927 1803 1973 indicabimus,
1821 1940 1925 1976 quos-
1986 1917 2018 1982 ξ’)

287 1998 354 2032 pro
373 1987 554 2033 Epistolis
574 1987 650 2022 Sti.
675 1987 849 2032 Xaverii,
865 1988 1074 2022 vernaculo
1089 1986 1274 2022 idiomate
1293 1985 1539 2032 evulgandis,
1557 1986 1606 2021 ad
1623 1987 1722 2022 hanc
1740 1986 1916 2034 primam,

287 2057 334 2080 ex
353 2046 600 2093 autographis
627 2052 693 2081 aut
719 2058 768 2081 ex
787 2046 959 2093 antiquis
978 2045 1244 2082 monumentis
1264 2045 1415 2081 sincere
1447 2045 1604 2092 factam,
1624 2046 1835 2082 editionem
1859 2058 1924 2082 ac-

287 2105 425 2140 cedere
444 2117 520 2140 non
542 2106 708 2152 pigebit.

357 2164 485 2211 Atque
508 2165 546 2200 in
566 2165 698 2211 primis
719 2166 862 2200 multae
877 2165 1124 2212 reperiuntur
1142 2163 1256 2210 hujus
1272 2163 1480 2199 voluminis
1495 2164 1700 2211 epistolae,
1714 2165 1764 2200 de
1776 2166 1924 2213 quibus
1983 2197 1987 2201 .

285 2223 378 2258 nihil
398 2223 487 2258 novi
518 2224 724 2271 dicendum
750 2223 932 2268 occurrit3
959 2225 1020 2259 vel
1047 2223 1151 2259 enim
1173 2229 1264 2258 sunt
1281 2224 1544 2270 autographae
1570 2230 1636 2260 aut
1666 2225 1917 2272 archetypae,

285 2283 346 2317 vel
366 2283 404 2317 in
423 2283 738 2319 annotationibus
757 2283 904 2318 dictum
923 2290 984 2318 est
1002 2282 1105 2330 quod
1123 2282 1171 2317 ad
1189 2294 1322 2318 earum
1337 2282 1637 2328 intelligentiam
1652 2284 1919 2320 necessarium

286 2341 611 2377 existimavimus.
638 2342 870 2388 Hujusmodi
886 2348 989 2377 sunt.

357 2401 426 2446 Ep·
448 2413 511 2435 nn·
529 2401 602 2442 2-8‚
623 2410 678 2445 12³
698 2400 752 2445 13,
774 2399 1186 2447 15-26,31-41‚43‚44,
1201 2401 1324 2446 46’50’
1341 2410 1399 2446 5²2
1416 2400 1475 2446 53,
1491 2411 1550 2447 552
1565 2401 1624 2447 56,
1641 2401 1699 2446 58,
1715 2410 1774 2448 59,
1789 2403 1920 2448 61'64r

285 2457 423 2508 6726&
443 2460 566 2506 71’78’
598 2460 658 2505 80,
678 2459 738 2505 83,
766 2460 827 2506 87,
846 2460 906 2504 88,
926 2469 1054 2506 90’92›
1073 2470 1134 2506 94,
1165 2468 1224 2505 95³
1243 2468 1392 2505 97-102,
1422 2469 1505 2506 104,
1534 2469 1614 2505 105²
1644 2469 1812 2506 107’1159
1833 2462 1913 2508 118,

290 2519 728 2565 120-125,127-129,131,
751 2519 832 2560 152,
856 2518 936 2565 134,
960 2518 1040 2564 135,
1065 2518 1232 2564 137—152,
1255 2520 1422 2564 154-167.
1444 2519 1506 2554 Ad
1524 2519 1619 2555 alias
1633 2520 1913 2566 progredimur.

356 2577 427 2622 Ep.
447 2589 484 2612 n.
508 2578 526 2611 Ι
539 2605 547 2612 .
601 2579 696 2613 Tam
716 2580 938 2625 exemplum
957 2579 1102 2614 codicis
1121 2578 1238 2622 2-2-8,
1255 2579 1356 2626 quod
1374 2579 1526 2632 damus,
1550 2590 1665 2626 quarn
1692 2581 1914 2627 exemplum

287 2636 369 2670 cod.
390 2637 503 2670 Rom.
531 2640 690 2684 apogr„
717 2650 759 2672 n.
788 2637 844 2682 13,
874 2638 1166 2673 accuratissime
1185 2638 1416 2685 transcripta
1446 2649 1495 2673 ex
1525 2640 1765 2686 autographo
1782 2639 1922 2676 viden-

287 2700 362 2738 tur,
382 2700 510 2729 cetera
529 2707 620 2730 vero
640 2702 729 2731 sunt
749 2697 1031 2743 aliquantulum
1049 2696 1266 2732 decurtata.
1286 2697 1330 2732 Id
1351 2697 1445 2732 satis
1460 2697 1631 2732 indicant
1644 2698 1920 2735 annotationes

286 2751 375 2787 huic
394 2753 580 2798 epistolae
599 2755 816 2800 appositae.

357 2811 427 2857 Ep.
448 2824 484 2846 n.
506 2811 556 2848 9.
608 2813 654 2847 Ρ.
691 2813 801 2858 cros,
821 2813 859 2848 in
878 2825 994 2861 opere
1013 2815 1132 2850 Saint
1157 2814 1352 2865 Franqois
1369 2814 1415 2849 de
1446 2814 1612 2851 Xavier.
1646 2816 1702 2852 Sa
1718 2818 1781 2852 vie
1798 2820 1835 2853 et
1857 2829 1921 2853 ses
1984 2835 1991 2839 ·
2018 2827 2019 2830 ’

287 2870 470 2912 lettres‚t.
495 2871 527 2917 I,
546 2883 610 2917 pp.
641 2872 908 2917 XLII-XLIV,
940 2875 1035 2909 haec
1054 2874 1156 2909 inter
1172 2874 1246 2909 alia
1277 2873 1412 2909 scribit
1441 2874 1489 2910 de
1520 2887 1586 2922 ep.
1610 2886 1632 2920 9
1650 2881 1804 2912 nostrae
1828 2877 1915 2912 edi-

288 2934 420 2964 nonis:
