2018 3510
368 244 438 280 308
871 245 1146 281 MONUMENTA
1172 245 1426 281 XAVERIANA

314 358 514 399 nostrae,
542 347 769 390 affirmans
786 361 835 390 se
856 346 1024 390 nemini
1042 360 1241 401 unquam
1260 346 1502 390 dicturum:
1525 347 1598 390 cui
1616 362 1704 403 ego
1722 347 1956 403 respondi,

315 424 377 467 nil
399 424 546 479 ipsum
571 439 596 466 a
619 438 691 468 me
713 423 989 475 auditurum,
1016 423 1101 465 nisi
1125 422 1413 478 polliceretur
1449 438 1497 467 se
1526 424 1752 469 neminem
1779 417 1956 469 celatu'-

314 513 428 545 rum.
457 501 574 544 Cum
612 500 763 555 itaque
802 500 1032 556 publicare
1070 498 1296 555 pollicitus
1331 500 1363 520 ‘⁶²
1388 509 1472 553 est,
1510 500 1640 557 coepi
1679 502 1872 543 multum
1895 506 1955 545 ex

314 578 450 622 animi
488 578 574 620 mei
612 578 836 620 sententia
858 592 1105 620 memorare
1142 578 1254 621 haec
1285 579 1438 631 uerba,
1466 593 1583 634 quae
1605 578 1651 620 in
1670 586 1824 622 nostra
1847 579 1956 634 lege<

311 656 490 711 pondus
507 656 691 698 habent:
709 655 800 708 Qui
822 654 1077 706 crediderit,
1096 654 1399 709 etbaptizatus
1414 657 1583 713 fuerit,
1601 656 1759 698 saluus
1781 656 1870 698 erit
1894 656 1945 697 4³.

313 733 472 776 Relato
495 732 535 776 ei
559 739 653 775 toto
676 732 895 787 symbolo,
923 747 974 774 ea
998 730 1093 787 ipse
1110 746 1213 774 cum
1238 746 1392 775 eorum
1420 732 1652 776 intellectu
1682 747 1763 775 sua
1792 732 1950 788 lingua

312 809 505 865 scripsit:
532 809 577 851 in
606 824 759 852 eorum
800 807 1106 853 declaratione
1138 809 1356 852 admiscui
1394 811 1606 853 mandata
1644 816 1825 866 propter
1848 815 1951 852 cum

311 888 515 942 symbolo
538 886 814 929 affinitatem.
844 885 1056 928 Narrauit
1072 900 1120 928 se
1144 900 1234 929 una
1257 894 1390 930 nocte
1413 902 1579 943 magno
1598 886 1766 943 gaudio
1786 885 1953 930 uidisse

311 964 358 1007 in
375 963 543 1006 somnis
568 964 770 1005 futurum
795 970 843 1004 ut
866 969 985 1005 esset
1009 962 1297 1016 christianus,
1323 963 1432 1006 mihi
1454 965 1630 1020 collega
1648 970 1693 1008 et
1710 977 1861 1006 comes
1871 962 1953 1005 'iti-

311 1041 446 1094 neris3
474 1041 768 1095 quamobrem
800 1039 946 1082 uoluit
983 1054 1008 1082 a
1045 1054 1115 1082 me
1144 1039 1241 1082 fieri
1270 1041 1558 1093 christianus,
1600 1042 1679 1085 sed
1701 1041 1878 1094 occulte
1909 1046 1954 1084 et

311 1118 539 1161 nonnullis
571 1116 921 1168 conditionibus,
956 1131 1086 1172 quae,
1114 1116 1219 1172 quia
1247 1132 1395 1172 neque
1418 1117 1626 1162 liberales
1650 1125 1778 1161 erant
1804 1131 1955 1172 neque

309 1195 473 1246 licitae,
499 1194 596 1237 eius
620 1193 845 1236 uoluntati
869 1209 960 1236 non
984 1193 1127 1249 parui.
1149 1195 1342 1237 Confido
1366 1202 1531 1247 tamen,
1553 1210 1632 1251 per
1649 1194 1848 1237 diuinam
1866 1193 1950 1236 mi-

309 1271 597 1315 sericordiam
627 1270 724 1313 sine
748 1270 896 1326 aliqua
915 1271 1173 1315 conditione
1192 1272 1410 1315 futurum.
1433 1273 1613 1317 Suadeo
1631 1271 1693 1314 illi
1712 1278 1761 1314 ut
1779 1271 1950 1327 simpli-

309 1363 384 1392 ces
402 1349 561 1391 doceat
583 1349 770 1391 adorare
789 1343 929 1391 unum
947 1350 1112 1400 Deum,
1140 1356 1388 1392 creatorem
1413 1349 1524 1393 coeli
1543 1357 1587 1392 et
1605 1356 1767 1401 terrae,
1789 1348 1866 1404 qui
1883 1356 1951 1392 est

308 1425 370 1478 in,
397 1425 552 1479 coelis,
580 1425 701 1481 quod
719 1424 794 1468 ille
817 1432 999 1481 propter
1025 1425 1257 1468 uinculum
1280 1425 1586 1479 iurisiurandi,
1614 1441 1671 1469 ne
1695 1425 1900 1482 periurus
1927 1440 1951 1467 a

308 1503 487 1546 diabolo
511 1502 761 1554 occidatur,
789 1503 939 1546 facere
963 1517 1054 1544 non
1078 1503 1229 1546 audet.

404 1593 469 1635 13.
537 1579 661 1635 Quid
691 1579 883 1635 amplius
920 1579 1026 1622 hinc
1056 1580 1112 1622 ad
1142 1594 1224 1623 uos
1258 1580 1451 1623 scribam
1496 1581 1664 1634 nescio,
1705 1581 1792 1625 nisi
1823 1591 1948 1628 tanta

310 1658 555 1701 Dominum
580 1657 664 1709 his,
692 1656 769 1712 qui
791 1657 1009 1713 gentibus
1033 1657 1352 1714 euangelizant
1370 1658 1523 1714 largiri
1542 1659 1716 1712 solatia,
1738 1667 1789 1703 ut
1805 1661 1949 1705 sicubi

311 1735 526 1791 gaudium
550 1742 618 1778 est
640 1734 686 1776 in
709 1736 793 1777 hac
817 1733 927 1786 uita,
959 1734 1152 1778 maxime
1189 1735 1261 1778 sit:
1295 1742 1417 1778 tanta
1458 1743 1525 1779 est
1555 1737 1765 1793 uoluptas
1793 1747 1838 1782 et
1867 1740 1948 1782 de—

307 1812 505 1864 lectatio,
533 1819 583 1854 ut
605 1827 741 1867 saepe
764 1811 799 1832 ⁴⁴
822 1811 931 1854 mihi
955 1812 1131 1854 accidat
1154 1814 1396 1867 quendam,
1429 1812 1506 1868 qui
1534 1813 1651 1857 inter
1680 1816 1761 1859 hos
1792 1831 1946 1860 uersa-

308 1897 396 1942 tur,
424 1889 579 1932 audire
603 1889 845 1932 dicentem:
876 1889 944 1933 «O
968 1888 1178 1941 Domine,
1206 1904 1262 1932 ne
1286 1897 1352 1932 tot
1369 1889 1479 1932 mihi
1496 1890 1542 1932 in
1560 1892 1645 1934 hac
1663 1891 1758 1935 uita
1779 1893 1946 1950 largia-

307 1967 367 2010 ris
389 1967 563 2019 solatia,
591 1973 669 2009 aut
687 1966 724 2009 si
748 1981 828 2022 per
853 1973 975 2009 tuam
999 1966 1315 2010 inexhaustam
1339 1967 1587 2011 bonitatem
1617 1975 1661 2012 et
1690 1969 1945 2014 misericor-

305 2044 423 2087 diam
448 2045 609 2087 cadere
633 2043 719 2096 uis,
746 2044 852 2087 tolle
875 2059 946 2087 me
967 2043 1074 2085 hinc
1097 2044 1153 2086 ad
1173 2050 1295 2086 tuam
1325 2044 1530 2100 gloriam.
1565 2046 1681 2089 Nam
1712 2046 1850 2090 nimia
1878 2055 1952 2091 est.

305 2121 508 2165 anxietas
548 2120 624 2163 ubi
649 2127 693 2163 te
730 2127 907 2163 tantum
946 2120 1166 2164 creaturis
1203 2120 1472 2174 infunderis,
1516 2129 1605 2165 tam
1634 2124 1791 2178 procul
1819 2139 1845 2167 a
1868 2131 1955 2168 tuo

305 2205 553 2255 conspectu
578 2198 782 2242 uiuere.»
812 2199 853 2241 O
882 2197 919 2241 si
943 2197 1020 2253 qui
1050 2197 1251 2241 scientiis
1274 2206 1440 2241 uacant
1462 2206 1638 2242 tantum
1668 2201 1950 2254 laborarent,

303 2276 444 2319 uthis
466 2275 630 2318 delitiis
652 2283 697 2318 et
721 2275 1031 2331 uoluptatibus
1052 2275 1180 2331 digni
1204 2276 1444 2330 aliquando
1473 2280 1498 2318 a
1520 2278 1619 2320 Deo
1647 2279 1947 2332 haberentur,

304 2361 496 2408 quantas
519 2368 759 2397 aerumnas
786 2354 1010 2396 sufferunt
1041 2360 1090 2402 ut
1118 2367 1281 2396 uanam
1311 2353 1467 2395 mundi
1505 2353 1640 2397 huius
1678 2355 1949 2411 sapientiam

303 2430 617 2485 assequantur!
646 2431 687 2473 O
711 2429 748 2472 si
778 2429 962 2486 gaudia,
989 2444 1105 2485 quae
1132 2431 1377 2473 multorum
1407 2429 1567 2473 animis
1596 2431 1865 2475 oboriuntur
1886 2448 1941 2476 ex

303 2507 367 2552 rei
389 2507 579 2550 alicuius
598 2522 744 2550 nouae
762 2506 991 2562 indagine,
1017 2505 1104 2549 illis
1122 2506 1333 2550 uenirent
1350 2523 1405 2551 ex
1422 2507 1706 2551 institutione
1732 2509 1946 2564 proximi,

304 2600 359 2630 ex
382 2584 594 2640 operibus
617 2583 850 2626 charitatis
873 2585 981 2626 dum
1004 2584 1115 2627 alios
1137 2599 1190 2628 ea
1218 2585 1450 2637 docerent,
1472 2596 1588 2639 quae
1610 2582 1716 2628 sunt
1739 2587 1796 2628 ad
1819 2587 1941 2629 salu-

304 2668 395 2706 tern
417 2660 686 2712 necessaria,
713 2645 770 2703 ab
794 2660 903 2703 ouili
926 2661 1057 2717 lupos
1081 2668 1302 2713 arcerent,
1329 2651 1611 2704 nutantesin
1634 2653 1724 2705 fide
1752 2663 1941 2706 robora-

303 2744 419 2790 rent,
447 2744 617 2792 quanto
646 2737 886 2780 alacriores
914 2745 960 2780 et
988 2728 1236 2793 paratior-es
1275 2745 1428 2781 essent
1460 2739 1516 2780 ad
1547 2728 1821 2781 reddendam
1844 2742 1942 2783 Do—

302 2806 678 2865 minorationem,
701 2828 835 2868 quam
854 2821 1097 2858 exacturus
1115 2821 1199 2867 est,
1214 2814 1385 2857 dicens:
1404 2815 1557 2857 Redde
1575 2816 1796 2858 rationem
1814 2817 1948 2859 uilli-

301 2885 493 2935 cdtionis
524 2895 626 2933 tuae
650 2890 700 2932 4⁵⁵!

370 3001 400 3021 ¹²⁴²
451 2997 650 3044 pulicitus,
669 3008 747 3031 ms.
942 2998 973 3018 ⁴³
1024 2997 1187 3051 MARC„
1207 2999 1315 3044 XVI,
1339 2998 1393 3033 16.
1587 2998 1619 3020 ⁴4
1668 2996 1778 3045 sepe,
1798 3011 1871 3034 ms,

370 3060 401 3080 ⁴⁵
452 3059 571 3102 LUC.,
591 3056 698 3101 XVI,
717 3065 751 3091 2:
773 3055 812 3090 in
830 3067 903 3090 ms.
925 3056 979 3090 ait
999 3055 1280 3091 «uilicationis»
1302 3084 1310 3092 .
1643 3049 1649 3067 ³
