2018 3510
548 214 685 249 EPIST.
713 221 843 260 95.—5
871 213 1116 248 NovEMssRls
1145 220 1234 257 1549
1582 211 1651 258 655

81 329 149 358 em
174 316 278 358 toda
306 330 331 358 a
360 315 555 372 uiagem,
595 330 620 358 e
656 318 738 357 nos
771 320 858 358 nao
896 316 968 358 lhe
1006 315 1221 369 podemos
1258 327 1328 356 ser
1366 314 1507 356 boons
1539 320 1573 365 ³,
1599 313 1696 369 pois

81 406 256 436 morreo
278 407 349 436 em
371 407 453 435 sua
473 391 772 445 infidelidade;
798 407 901 436 nem
923 390 1100 446 despois
1122 390 1179 434 de
1201 397 1344 432 morto
1366 394 1450 433 nao
1468 390 1541 434 lhe
1557 391 1696 446 pode—

83 483 178 513 mos
199 483 271 512 ser
292 470 448 521 boons,
475 469 499 504 b
526 468 945 512 encomendando-o
961 483 987 510 a
1008 469 1143 519 Deos,
1164 481 1243 522 por
1260 475 1379 510 estar
1395 481 1477 509 sua
1495 467 1609 510 alma
1625 481 1695 510 em

83 562 109 591 o
131 554 148 575 c
178 546 369 590 inferno.
395 547 487 590 Laa
509 550 595 589 uao
623 545 786 588 muitos
808 546 966 601 japoes
993 545 1115 600 pelas
1145 544 1253 586 boas
1275 558 1417 586 nouas
1445 558 1531 599 que
1555 544 1695 587 Paulo

83 639 197 680 quaa
217 623 238 651 ‘¹
265 638 414 668 semea
435 623 515 665 das
537 622 699 666 muitas
727 621 927 665 uirtudes
956 622 1039 664 dos
1061 628 1374 677 portugueses.
1408 622 1464 664 V.
1491 636 1569 674 m.‚
1595 621 1695 676 pelo

81 701 221 744 muito
243 714 330 755 que
352 701 469 744 deue
485 714 511 742 a
532 701 653 743 Deos
676 715 701 743 e
723 714 748 741 a
769 713 851 742 sua
872 698 1103 755 fidalguia,
1129 699 1202 742 lhe
1218 712 1328 753 peeo
1351 697 1491 740 muito
1513 712 1600 753 que
1621 698 1695 741 lhe

81 779 204 833 faoao
226 779 407 829 honrra,
440 777 769 820 mandando-os
808 776 1043 832 agasalhar
1072 790 1127 819 en
1157 789 1282 817 casas
1313 776 1369 819 de
1395 781 1694 830 portugueses

78 854 192 897 ricos
214 870 239 899 e
266 854 518 906 abastados,
558 868 665 909 para
702 867 790 908 que
827 853 923 895 lhes
961 852 1086 907 faoao
1123 853 1287 894 honrra
1324 867 1349 896 e
1384 851 1643 907 gasalhado,
1670 867 1694 895 e

76 931 196 974 d’ahi
218 933 393 975 uenheo
421 935 594 986 xpaos.,
625 930 816 973 dizendo
846 935 970 972 tanto
1000 929 1103 972 bem
1131 929 1211 971 dos
1238 934 1538 984 portugueses
1566 942 1693 971 como

76 1007 147 1050 diz
171 1008 328 1051 Paulo.

35 1143 40 1146 .
163 1099 205 1141 9.
270 1091 288 1112 e
318 1084 568 1141 Domingos
591 1084 718 1136 Diaz‚
753 1084 963 1140 portador
984 1084 1041 1126 da
1071 1089 1299 1139 presente,
1330 1084 1388 1125 he
1419 1081 1559 1125 muito
1588 1097 1691 1126 meu

77 1160 226 1217 amigo
248 1177 273 1206 e
294 1176 351 1206 eu
373 1176 470 1215 seu,
496 1162 597 1217 pola
618 1160 758 1204 muita
785 1160 799 1187 f
833 1162 920 1203 boa
941 1159 1206 1216 companhia
1238 1174 1325 1215 que
1354 1174 1435 1202 nos
1467 1166 1555 1203 tem
1585 1159 1692 1202 feito

32 1273 38 1276 <
79 1239 153 1280 n'a
175 1237 370 1294 uiagem.
396 1238 539 1282 Muita
560 1237 708 1281 meree
731 1251 800 1280 me
824 1238 917 1280 fara
939 1238 994 1280 V.
1021 1251 1081 1280 m.
1108 1251 1177 1280 em
1206 1237 1278 1279 lhe
1306 1251 1446 1292 pagar
1476 1251 1555 1292 por
1583 1236 1689 1279 mim

77 1329 104 1357 0
125 1314 266 1358 muito
288 1330 376 1371 que
397 1316 471 1359 lhe
491 1316 624 1358 deuo.

160 1393 307 1435 Nosso
328 1393 506 1437 Senhor
527 1392 600 1435 lhe
622 1397 857 1435 aereoente
879 1405 929 1433 os
945 1390 1040 1433 dias
1057 1390 1114 1433 da
1132 1390 1235 1433 uida
1251 1404 1331 1446 por
1347 1389 1511 1432 muitos
1529 1404 1685 1441 annos,

74 1484 99 1514 6
134 1483 161 1512 0
188 1469 290 1514 16116
327 1484 352 1512 3
393 1469 657 1526 Portugual,
697 1483 826 1511 como
864 1469 921 1511 V.
962 1483 1021 1511 m.
1063 1483 1087 1512 e
1125 1469 1365 1511 asenhora
1401 1481 1482 1510 sua
1518 1467 1689 1510 molher

73 1546 260 1602 desejao.

158 1625 228 1667 De
251 1622 530 1679 Cangoxima
552 1638 578 1666 a
601 1633 623 1677 5
648 1623 703 1665 de
725 1623 984 1665 Nouembro
1007 1622 1062 1664 de
1085 1632 1194 1679 1549
1216 1635 1325 1664 anos
1350 1627 1388 1664 g.

160 1701 250 1744 Seu
273 1699 537 1744 uerdadeiro
559 1699 762 1743 seruidor
785 1715 810 1744 6
831 1698 981 1755 amigo
1001 1698 1182 1751 d’alma,

1045 1777 1369 1827 FRANCISQUO.
1404 1775 1425 1802 h

159 1933 413 1988 Inscriptio.
436 1932 576 1988 Copia
597 1932 652 1976 de
673 1933 810 1975 huma
831 1937 954 1974 carta
975 1931 1033 1973 do
1057 1931 1137 1973 P.e
1164 1932 1285 1973 M‚tre
1314 1931 1350 1973 F
1352 1929 1569 1981 rancisco,
1596 1944 1683 1985 que

28 2013 34 2016 “
71 2022 282 2053 esereueo
304 2010 360 2052 de
376 2010 516 2066 Japao
539 2024 564 2052 a
591 2010 707 2052 Dom
738 2009 882 2051 Pedro
910 2008 967 2050 da
994 2006 1134 2061 Silua,
1160 2006 1334 2063 capitao
1361 2006 1417 2049 de
1446 2007 1632 2060 Malaca,
1658 2022 1684 2050 a

58 2095 95 2140 Ἰ5
117 2086 173 2130 (16
193 2086 455 2130 Nouembro
477 2100 504 2129 o
525 2100 611 2128 ano
631 2086 687 2129 de
715 2096 838 2142 1549.

139 2253 358 2299 ab6S,Eb.:
389 2254 501 2297 bons,
529 2252 595 2288 Co.
796 2250 1110 2286 bDesiderantur
1139 2249 1409 2297 praecedentia
1456 2260 1478 2294 4
1507 2251 1626 2286 verba
1644 2249 1683 2286 in

7 2304 9 2362 J
72 2311 141 2347 Eb.
176 2317 215 2348 et
247 2311 313 2347 Co.
506 2319 602 2357 cno,
637 2311 704 2346 Co.
895 2311 914 2337 d
935 2322 992 2354 63,
1030 2310 1099 2344 Eb.
1289 2317 1307 2336 e
1334 2310 1443 2344 Duae
1474 2316 1683 2357 sequentes

63 2371 216 2418 *periodi
249 2372 288 2407 in
316 2371 478 2418 hispano
507 2371 725 2418 apographo
758 2368 1040 2405 desiderantur.
1256 2367 1271 2396 f
1294 2380 1400 2414 muy,
1429 2368 1495 2404 Co.

8 2434 9 2440 ¹
71 2434 212 2475 gafios,
247 2431 319 2466 Eb.
525 2430 782 2475 hFrancisoe,
818 2430 889 2464 Eb.
926 2434 965 2464 et
1002 2428 1068 2463 Co.

8 2655 9 2658 Ἴ
68 2607 223 2655 Bartoli,
239 2614 278 2645 et
295 2610 448 2646 Ne'cdda
477 2609 578 2657 apud
607 2608 839 2646 Charlevoix
857 2607 958 2643 haud
988 2607 1223 2654 significant,
1249 2613 1291 2643 ut
1309 2607 1365 2643 illi
1395 2608 1680 2655 existimarunt,

44 2674 46 2680 '
67 2669 245 2704 navarehi
262 2680 416 2704 nomen:
442 2668 660 2715 hujusmodi
684 2669 804 2703 verba
827 2667 1008 2702 videntur
1033 2678 1232 2714 perperam
1257 2672 1440 2714 usurpata
1462 2667 1583 2703 fuisse
1613 2680 1681 2714 pro

9 2740 11 2753 ⁴
55 2725 232 2770 ‘Necodffi
251 2728 354 2775 quod
371 2729 533 2764 verbum
551 2728 607 2763 516
625 2726 759 2762 definit
775 2727 956 2762 Bluteau.
983 2726 1176 2762 «Necoda.
1196 2727 1256 2761 Na
1278 2726 1410 2772 lingua
1428 2726 1477 2761 do
1501 2727 1681 2762 Indostao

27 2785 89 2820 -5e
110 2785 157 2820 do
187 2787 315 2833 Mogol
340 2788 401 2822 val
428 2798 450 2822 o
474 2798 620 2822 mesmo
645 2798 720 2833 que
745 2785 919 2832 Capitao.
933 2799 950 2819 »
975 2786 1156 2821 MENDEZ
1185 2785 1339 2829 P1NTO‚
1364 2785 1429 2832 qui
1455 2785 1493 2820 in
1524 2785 1599 2820 illis
1623 2798 1681 2821 re-

44 2843 242 2894 gionibus
261 2847 424 2881 multum
442 2845 626 2892 temporis
644 2849 821 2880 versatus
839 2844 926 2888 fuit,
946 2844 1090 2891 optime
1108 2845 1179 2880 hoc
1197 2846 1318 2879 verbo
1332 2856 1424 2879 usus
1440 2849 1514 2890 est,
1530 2844 1677 2880 dicens:

8 2900 13 2943 ξ
69 2913 132 2938 ((56
149 2906 369 2951 embarcou,
394 2917 455 2940 em
476 2905 538 2940 dia
556 2905 604 2939 de
630 2903 674 2939 S.
705 2905 800 2950 Joao
823 2903 872 2939 do
895 2915 1042 2939 mesmo
1067 2915 1167 2938 anno
1193 2915 1238 2939 ao
1267 2903 1332 2938 Sol
1356 2908 1483 2949 posto,
1510 2915 1570 2938 em
1589 2905 1678 2939 hum

11 2952 13 3012 J
46 2959 180 3008 *J'J'unco
196 2974 372 3010 pequeno
401 2964 449 2999 de
472 2965 563 2999 hum
593 2963 720 3008 Chim,
751 2974 826 3010 que
852 2974 894 2998 56
918 2962 1028 2998 dezia
1058 2974 1080 2997 o
1108 2962 1264 2997 Necoda
1295 2962 1460 2997 ladrao.»
1494 2963 1680 3011 Peregri-

12 3026 13 3029 ’
53 3012 224 3070 {mes-am,
244 3033 329 3070 cap.
348 3021 524 3059 CCVIII.
