2018 3510
616 220 753 255 Ep1sr.
787 219 942 253 16.-—22
968 217 1234 253 SEPTEMBms
1264 216 1354 263 1543

1639 227 1681 263 Q)

1686 226 1707 262 Ν]

903 424 978 464 16

491 534 999 580 ILLUSTRISSIMAE
1030 532 1375 576 DOMINAE...

579 631 681 675 Goa
713 642 767 673 22
802 627 1081 685 Septembris
1109 638 1217 682 1543
1255 628 1282 670 ¹.

729 725 915 771 Epistola
941 722 1131 770 officiosa.

878 807 980 888 stis

197 939 463 983 Ilustrisima
484 942 673 985 Sefiora.

195 1018 249 1060 El
269 1017 504 1061 santisimo
525 1019 697 1061 nonbre
719 1019 776 1062 de
792 1019 908 1075 Jezu
929 1033 1007 1063 Sea
1029 1017 1220 1074 siempre
1249 1016 1438 1060 alabado
1466 1030 1573 1071 para
1595 1028 1683 1069 que
1705 1014 1746 1057 le

103 1110 308 1139 :amemos
331 1094 344 1137 i
367 1094 587 1138 sirbamos
610 1110 739 1139 como
763 1097 805 1138 el
827 1110 1043 1139 meresce.
1073 1096 1239 1139 Amen.

197 1173 269 1216 No
293 1187 370 1216 era
391 1172 620 1216 nesesario
642 1177 738 1216 mas
760 1180 884 1216 carta
906 1174 963 1216 de
985 1187 1148 1228 erenea
1170 1187 1278 1229 para
1299 1172 1342 1215 la
1369 1168 1743 1214 recomendacion

108 1249 181 1293 del
203 1251 421 1294 hermano
444 1250 646 1307 Rodrigo
668 1251 700 1303 2,
727 1265 816 1306 que
838 1265 1086 1306 conoseroe
1102 1264 1174 1293 ser
1191 1250 1342 1294 deudo
1358 1249 1414 1292 de
1432 1249 1489 1292 V.
1511 1249 1558 1292 S.
1580 1248 1740 1299 Illma.‚

99 1325 120 1368 ‘i
142 1331 236 1370 mas
259 1328 441 1383 quando
462 1343 544 1384 por
565 1343 642 1371 sus
665 1329 838 1372 buenas
854 1336 1006 1385 partes
1022 1329 1080 1371 da
1096 1327 1309 1371 anuntios
1326 1328 1382 1370 de
1399 1339 1668 1382 esperanoas
1685 1339 1743 1368 en

106 1403 217 1447 Dios
239 1406 427 1457 buenas‚
453 1420 540 1449 con
578 1420 667 1461 que
690 1407 873 1450 ademas
910 1407 1081 1450 vendra
1110 1407 1167 1449 V.
1208 1405 1347 1448 Illma.
1375 1405 1422 1448 S.
1449 1408 1475 1446 a
1498 1410 1626 1447 tener
1647 1404 1743 1445 hun

99 1482 239 1538 -angel
261 1497 319 1526 en
340 1483 382 1526 13
405 1482 555 1535 tierra,
580 1497 668 1539 que
691 1483 795 1540 pida
816 1488 842 1526 a
863 1483 975 1526 Dios
993 1498 1074 1540 por
1095 1498 1149 1526 su
1167 1483 1312 1526 salud.
1335 1483 1388 1524 El
1405 1481 1553 1537 queda
1569 1481 1738 1532 bueno,

102 1558 311 1603 ieseriuo
341 1561 354 1581 ³
385 1564 411 1603 a
439 1561 494 1603 V.
530 1561 577 1604 S.
604 1561 743 1603 Illma.
777 1565 872 1603 mas
905 1561 962 1605 de
990 1560 1185 1617 espaeio:
1211 1575 1269 1616 yo
1297 1574 1386 1603 oon
1409 1573 1545 1602 muxo
1568 1564 1705 1614 gusto
1728 1556 1742 1598 i

95 1643 318 1679 *contento
340 1637 397 1681 de
419 1652 472 1680 su
490 1638 641 1681 buena
662 1637 949 1691 inolinacion,
970 1637 1183 1694 pidiendo
1205 1637 1385 1694 sienpre
1406 1637 1449 1680 al
1470 1642 1601 1680 santo
1624 1649 1738 1678 non—

106 1714 185 1758 bre
207 1715 264 1758 de
280 1716 395 1772 Jezu
418 1716 593 1772 guarde
615 1717 658 1759 la
695 1730 892 1772 peroona
920 1717 976 1759 de
1010 1717 1066 1759 V.
1103 1716 1151 1760 S.
1178 1716 1318 1758 Illma.
1345 1715 1358 1756 i
1395 1720 1641 1771 augmente
1663 1727 1741 1755 sus

100 1792 286 1835 estados
309 1807 365 1836 en
389 1807 442 1835 su
461 1800 590 1836 santo
609 1793 815 1837 seruisio.

193 1871 262 1913 De
284 1871 386 1914 Goa
409 1875 434 1913 a
457 1872 587 1915 XXII
610 1871 666 1914 de
690 1871 977 1927 Septiembre
998 1872 1056 1915 de
1078 1873 1141 1914 M.
1168 1872 1225 1914 D.
1252 1871 1509 1914 XXXXIII.

570 1951 626 2004 J.⁰
650 1949 665 1968 4
689 1964 746 1993 en
768 1950 809 1991 el
833 1950 1007 1993 nonbre
1028 1950 1085 1993 de
1100 1951 1255 2006 Jezus,

890 2028 1164 2070 FRANCISCO
1197 2040 1260 2070 DE
1282 2027 1490 2070 XAVIER.

186 2180 512 2237 Inscriptiom's
529 2187 662 2237 pars.
834 2146 901 2225 lii
909 2216 997 2224 .....

454 2258 497 2301 A
519 2259 563 2301 13
579 2258 699 2314 jlm.a
722 2259 769 2303 S.
797 2259 839 2302 13
862 2260 894 2303 S
902 2292 988 2301 .....

171 2390 182 2411 ¹
233 2389 291 2423 Ex
321 2390 558 2436 apographo,
594 2389 698 2436 quod
729 2389 967 2436 Ulyssipone
997 2389 1295 2433 religiosissime
1315 2394 1474 2424 servant
1492 2389 1657 2425 Comitis
1687 2388 1737 2423 de

100 2447 287 2483 Linhares
305 2459 476 2483 sorores.
501 2449 658 2496 Duplici
677 2449 769 2484 folio
787 2454 954 2484 constat:
975 2449 1157 2495 primum,
1177 2449 1273 2484 satis
1290 2450 1392 2484 bene
1411 2449 1613 2495 seriptum,
1639 2448 1738 2484 inte-

94 2518 208 2552 grum
237 2512 360 2554 extat,
392 2509 557 2543 alterum
588 2520 681 2544 vero
710 2509 909 2556 aliquanto
938 2508 1133 2553 mutilum3
1160 2508 1262 2543 unde
1294 2513 1445 2543 tantum
1472 2507 1736 2554 inscriptionis

96 2578 185 2612 pars
202 2567 382 2614 habetur,
401 2579 500 2614 quae
518 2568 675 2614 quidem
694 2569 793 2603 hane
811 2568 1018 2615 epistolam
1043 2568 1166 2604 nobili
1191 2567 1386 2603 foeminae
1412 2568 1597 2615 scriptam
1615 2567 1736 2603 fuisse

97 2626 262 2662 indicat.

166 2685 180 2705 ²
229 2686 395 2722 Videtur
414 2698 501 2722 esse
521 2687 624 2722 idem
639 2687 855 2723 Rodericus
870 2687 1086 2734 fflodrigo),
1102 2687 1142 2723 S.
1161 2687 1359 2723 Francisci
1373 2686 1580 2734 interpres,
1596 2686 1644 2721 de
1659 2698 1735 2733 quo

91 2746 170 2780 erit
188 2757 315 2781 sermo
333 2746 373 2781 in
392 2758 459 2793 ep.
483 2746 547 2792 34.

165 2806 179 2826 ⁵
229 2805 294 2841 Sic
312 2806 352 2841 in
370 2817 520 2853 apogr.;
542 2806 697 2842 videtur
716 2812 848 2842 tamen
866 2818 955 2842 esse
973 2806 1119 2842 debere
1133 2807 1302 2842 escriue.

165 2866 179 2886 ⁴
228 2864 395 2901 Videtur
419 2866 542 2912 prima
560 2866 691 2902 littera
709 2867 725 2902 i
743 2851 942 2913 oblongai„
973 2878 1073 2914 quae
1104 2866 1332 2902 indistinete
1358 2867 1618 2912 usurpabatur
1635 2875 1703 2912 pro
1712 2864 1738 2911 j

92 2925 159 2959 ‘vel
178 2936 247 2971 pro
271 2926 303 2969 i‚·
321 2925 361 2960 in
384 2926 459 2961 hoc
483 2937 576 2962 casu
605 2926 816 2972 legendum
835 2925 910 2961 erit
927 2926 984 2973 {jo
1001 2928 1124 2970 (recte
1143 2938 1237 2961 vero
1255 2926 1458 2972 scriptum,
1476 2925 1594 2971 hijo).
1621 2926 1737 2959 Forte

88 2982 136 3018 in
154 2983 333 3030 originali
359 2986 566 3031 legebatur
583 2997 613 3028 S,
643 2991 745 3033 'quae
771 2998 850 3022 non
873 2998 959 3022 raro
988 2998 1077 3022 cum
1093 2987 1128 3033 f
1144 2986 1411 3031 confunditur,
1438 2991 1478 3021 et
1496 2985 1536 3020 in
1554 2986 1626 3019 hoc
1643 2995 1737 3019 casu

91 3042 305 3079 haberetur
322 3044 385 3087 s.⁰‚
405 3045 444 3080 id
459 3050 533 3091 est,
548 3046 691 3087 sier-vo,
708 3045 812 3093 quod
825 3046 950 3092 magis
963 3058 1179 3082 consonum
1193 3046 1234 3082 S.
1251 3044 1449 3081 Francisci
1463 3044 1553 3080 stilo
1567 3043 1736 3079 videtur.
