2018 3510
606 229 743 263 EptsT.
770 226 880 262 6.—8
906 224 1121 262 OCTossms
1152 232 1241 269 1540
1621 235 1688 271 229

104 343 258 373 manos
300 344 329 384 y
359 329 488 372 todas
525 334 734 371 nuestras
762 342 892 371 cosas
925 341 1034 382 muy
1074 328 1240 369 mucho
1276 326 1617 381 copiosamente
1654 343 1736 371 nos

102 405 322 452 escrebid.

190 483 231 525 8.
296 483 395 525 Aca
417 497 499 538 soy
520 482 613 524 mui
635 481 951 538 importunado
973 494 1054 536 por
1076 495 1150 522 vm
1172 479 1302 532 libro,
1323 494 1411 534 que
1434 482 1601 525 Mestre
1626 484 1737 525 Pas—

99 558 221 603 casio
243 560 300 601 ha
321 558 439 601 visto
462 558 505 600 in
531 560 667 612 Sena,
693 572 783 614 que
803 573 853 602 se
881 559 1041 600 chama
1069 572 1095 600 0
1123 558 1280 600 Fratre
1309 557 1570 600 Cherubino
1600 562 1625 600 ό
1652 559 1728 603 Se·

101 635 304 693 raphino,
330 650 419 690 que
442 637 499 678 da
521 650 706 678 manera
727 636 784 679 de
811 634 929 677 bibir
959 649 1068 690 para
1095 635 1299 676 casados:
1331 648 1412 689 por
1440 634 1632 678 seruicio
1665 636 1737 678 del

98 713 277 758 Senhor
300 727 350 755 os
372 712 575 768 pedimos
598 727 686 768 que
709 711 940 768 procureis
963 713 1019 754 de
1040 712 1084 753 lo
1106 713 1246 754 haver
1273 727 1302 767 y
1330 712 1578 765 013οᾶ3110,
1611 726 1737 755 aym-

100 803 186 845 que
208 804 315 845 seya
337 804 436 832 com
465 790 601 833 buem
631 795 807 845 puerte:
843 789 885 831 el
912 803 961 831 es
990 787 1155 832 escrito
1184 801 1241 830 en
1274 787 1474 840 italiano,
1510 803 1539 843 y
1572 790 1736 832 (601310

99 867 192 908 1100
213 867 433 908 10306600
456 866 644 922 gramde
667 880 756 920 que
779 867 840 908 M.
865 863 1079 908 pascasio
1096 878 1340 920 cognosce,
1362 879 1451 919 que
1468 879 1516 908 es
1534 864 1737 920 pariente

96 942 153 985 de
175 943 209 985 F
213 942 276 984 rai
299 942 579 986 Bernardino
608 942 788 985 Vchino
814 943 862 984 ¹⁵:
894 957 923 997 y
952 942 995 984 la
1022 943 1239 983 hermana
1267 941 1340 983 del
1369 941 1585 984 Huchino
1615 957 1665 985 os
1693 944 1736 985 10

96 1019 263 1075 podera
285 1018 412 1071 dizir,
437 1033 626 1075 porque,
652 1034 701 1062 se
723 1018 828 1062 bien
850 1033 922 1062 me
950 1019 1155 1072 recordo,
1187 1032 1321 1074 creyo
1351 1033 1439 1074 que
1468 1033 1516 1061 es
1546 1034 1600 1062 su
1629 1021 1731 1062 her-

96 1110 228 1139 mano
264 1100 291 1138 0
328 1096 545 1152 pariente3
571 1111 600 1152 y
629 1098 799 1139 Mastro
830 1095 1043 1139 Pascasio
1081 1093 1222 1155 [tuvo]
1264 1097 1295 1118 ¹⁶
1339 1102 1436 1140 este
1465 1096 1598 1149 libro,
1629 1111 1659 1152 y
1686 1111 1733 1140 se

96 1173 344 1217 alembrara
370 1175 418 1226 ¹⁷,
445 1188 618 1229 porque
645 1174 778 1229 aquei
802 1173 1021 1215 mancebo
1050 1173 1093 1215 10
1120 1173 1240 1215 (1303
1267 1177 1293 1215 a
1322 1175 1492 1217 Mestre
1521 1173 1733 1217 pascasio

95 1262 202 1306 para
223 1264 311 1306 que
334 1251 375 1295 16
399 1251 619 1294 treladase
641 1251 682 1293 61
704 1249 924 1306 principio
946 1249 994 1292 in
1015 1250 1141 1292 latin.
1168 1251 1208 1292 Y
1232 1256 1330 1292 otra
1351 1251 1434 1294 bez
1456 1265 1507 1293 os
1529 1250 1635 1306 pido
1652 1266 1732 1307 por

94 1341 217 1370 amor
239 1328 295 1369 (16
317 1327 431 1370 Dios
455 1342 542 1382 que
571 1342 620 1371 56
648 1342 815 1384 pomga
841 1326 1096 1383 deligencia
1126 1342 1235 1382 para
1262 1328 1306 1369 10
1328 1329 1573 1372 hauermos
1594 1333 1727 1384 aqua,

91 1417 262 1459 porque
278 1419 339 1446 vn
358 1404 532 1460 Obispo
554 1406 583 1426 ¹³
603 1419 674 1448 me
691 1405 734 1447 10
753 1404 872 1448 (1606
889 1405 1055 1447 11106110
1073 1405 1360 1460 emcargado‚
1374 1420 1404 1460 y
1422 1412 1545 1448 otros
1562 1407 1730 1450 560110-

94 1495 179 1533 165,
203 1495 290 1524 600
311 1482 377 1524 105
396 1482 552 1537 quales
569 1497 618 1526 56
635 1483 744 1524 hara
760 1483 927 1524 mucho
944 1481 1137 1525 56101610
1154 1485 1180 1524 3
1196 1481 1308 1525 Dios
1326 1489 1512 1525 nuestro
1530 1483 1724 1527 Senhor.

178 1573 220 1615 9.
286 1558 533 1601 Asimismo
556 1559 629 1603 (161
652 1566 839 1602 0065(10
862 1560 1010 1602 Breue
1042 1560 1091 1611 ¹⁹,
1123 1574 1152 1615 y
1180 1559 1236 1602 de
1265 1560 1300 1601 F
1303 1560 1413 1602 3010
1440 1574 1469 1615 y
1498 1559 1667 1604 Lainez
1699 1576 1728 1616 y

91 1635 157 1678 105
179 1636 234 1678 (16
258 1635 478 1679 Hibernia
500 1636 552 1688 ²⁰,
578 1651 608 1692 y
631 1635 831 1679 tambien
853 1650 901 1679 56
924 1636 1121 1692 Amgelo
1144 1636 1176 1657 ²¹
1203 1651 1251 1680 65
1273 1644 1466 1689 111061(0;
1492 1652 1522 1692 y
1544 1637 1653 1680 3105
1670 1638 1727 1680 (16

93 1714 218 1755 Paris
241 1712 446 1757 escrebid
468 1728 557 1768 que
585 1727 668 1756 nos
699 1712 924 1767 escriban,
955 1728 985 1769 y
1014 1712 1212 1756 (3100160
1242 1714 1432 1757 adomde
1455 1728 1506 1757 os
1536 1714 1724 1757 manda—

89 1803 235 1832 remos
257 1790 322 1833 las
350 1791 502 1833 letraS.

181 1880 246 1910 10.
312 1870 484 1911 Mastro
508 1867 749 1911 Francisco
772 1869 814 1911 al
836 1867 1063 1924 presiente
1086 1883 1135 1912 65
1157 1872 1182 1911 a
1205 1867 1384 1923 quimze
1406 1868 1561 1924 legoas
1583 1868 1718 1924 daqui

87 1947 115 1986 ἐ.
134 1944 289 1988 visitar
310 1947 427 1988 Dom
452 1946 601 1988 Pedro
621 1945 675 1998 ²²,
701 1959 873 2002 porque
896 1960 979 1988 nos
1009 1945 1224 2001 partimos
1253 1959 1339 1988 con
1369 1945 1412 1988 13
1439 1952 1564 1990 601(6
1593 1946 1720 1990 desta

155 2088 184 2108 ¹⁵
233 2087 298 2122 Fr.
325 2087 544 2122 Bernardus
564 2086 755 2133 Ochinus,
774 2086 826 2124 O.
852 2086 896 2122 S.
923 2088 1002 2132 Fr.,
1018 2092 1154 2133 postea
1167 2087 1363 2132 generalis
1379 2086 1557 2122 Minister
1571 2087 1719 2134 Capuc-

80 2143 268 2190 cinorum‚
294 2145 371 2180 imo
395 2146 610 2181 secundum
639 2146 789 2193 aliquos
821 2158 954 2181 eorum
985 2146 1204 2192 Institutor‚
1235 2157 1325 2180 mox
1354 2146 1593 2182 haereticus.
1626 2147 1720 2182 Post

87 2203 245 2240 verbum
273 2206 415 2240 Vclzino
433 2206 621 2252 scriptum
636 2212 697 2242 est
717 2218 736 2241 e
754 2207 959 2241 madonna
978 2207 1113 2248 chara,
1135 2217 1196 2249 es;
1214 2205 1284 2240 sed
1302 2207 1398 2240 haec
1416 2211 1580 2252 quatuor
1598 2208 1718 2243 verba

82 2262 213 2299 deleta
230 2264 358 2300 fuere.

155 2324 184 2346 ¹⁶
234 2322 298 2359 Sic
316 2323 412 2369 legit
431 2325 477 2358 P.
508 2325 715 2370 Delplace3
741 2335 844 2360 nunc
863 2324 976 2359 deest
998 2322 1260 2369 fragmentum
1285 2324 1436 2370 papyri,
1456 2324 1560 2371 quod
1583 2325 1717 2360 lectio-

84 2392 170 2417 nem
189 2381 363 2429 impedit.

154 2445 181 2464 ¹⁷
231 2443 288 2477 Ex
307 2443 476 2477 lusitano
495 2444 616 2478 verbo
635 2443 884 2487 lembrar-se;
902 2442 1103 2490 hispanice
1122 2443 1278 2488 dicitur,
1294 2456 1318 2489 y
1335 2455 1374 2478 se
1392 2445 1607 2479 acordarci.

153 2501 182 2523 ¹⁸
231 2502 347 2536 Forte
366 2501 468 2536 idem
487 2503 695 2549 episcopus
714 2503 896 2547 titularis,
918 2502 1149 2538 Ambrosius
1174 2503 1345 2548 Pereira,
1377 2502 1425 2537 de
1455 2515 1531 2549 quo
1561 2503 1716 2540 videtur

82 2569 169 2594 esse
198 2572 324 2595 sermo
354 2561 394 2596 in
421 2573 482 2608 ep.
515 2561 549 2596 3.
582 2561 746 2608 Corrige
777 2567 947 2597 erratum
971 2562 1133 2607 librarii,
1157 2562 1224 2608 qui
1248 2562 1287 2597 10
1306 2562 1479 2597 Selectae
1496 2563 1712 2599 Indicarum

79 2619 265 2664 epistolae
283 2620 440 2667 scripsit
457 2621 564 2656 Dno.
588 2620 812 2668 Cristdsoro
830 2633 900 2668 pro
918 2634 971 2657 vn
989 2622 1133 2668 obispo.

153 2679 182 2700 ¹⁹
230 2679 291 2714 De
308 2679 416 2714 hisce
435 2680 674 2726 Apostolicis
691 2681 835 2716 litteris
853 2681 1001 2716 dictum
1020 2686 1081 2716 est
1098 2679 1278 2727 superius
1296 2680 1335 2715 in
1354 2680 1469 2726 epist.
1486 2691 1527 2725 4.

150 2737 181 2758 ²⁰
230 2738 306 2773 ΡΡ.
329 2739 529 2774 Salmeron
549 2745 589 2774 et
606 2741 726 2775 Broet
742 2751 764 2774 a
782 2751 934 2775 summo
948 2740 1139 2775 Pontifice
1154 2740 1193 2774 in
1207 2739 1460 2774 Hibernicam
1475 2740 1712 2785 legationem

78 2795 196 2831 electi
212 2796 382 2842 fuerunt,
402 2799 472 2834 sed
491 2811 614 2846 usque
632 2799 680 2834 ad
697 2805 928 2847 sequentem
946 2811 1089 2835 annum
1107 2800 1229 2834 Roma
1244 2811 1319 2834 non
1338 2805 1429 2834 sunt
1453 2799 1635 2845 profecti.

148 2856 179 2876 ²¹
229 2856 363 2892 Sermo
388 2863 448 2893 est
472 2858 520 2893 de
546 2859 701 2904 Angelo
725 2859 789 2894 dei
812 2859 1002 2903 Paradisi,
1027 2859 1075 2894 de
1100 2859 1210 2905 cujus
1236 2858 1482 2904 aegritudine
1506 2859 1710 2905 epistolam

80 2911 202 2949 Patris
221 2916 346 2951 Fabro
364 2917 412 2951 ad
431 2917 511 2952 ΡΡ.
531 2917 745 2953 Codacium
759 2924 799 2953 et
813 2918 1039 2964 Xaverium,
1055 2918 1117 2953 die
1136 2926 1157 2963 7
1174 2918 1318 2965 Aprilis
1333 2917 1448 2963 hujus
1461 2917 1551 2953 anni
1565 2918 1709 2956 datam,

79 2970 198 3008 habes
216 2973 254 3009 in
276 2974 466 3011 Cartas...
485 2977 548 3011 del
565 2977 620 3012 Β.
644 2978 698 3012 P.
723 2978 856 3012 Pedro
873 2977 1017 3019 Fabro,
1038 2983 1068 3013 t.
1094 2978 1126 3024 Ι,
1146 2989 1237 3023 pag.
1267 2985 1325 3011 12.

147 3033 177 3053 ²²
226 3033 391 3069 Videtur
410 3047 497 3070 esse
516 3047 644 3071 sermo
663 3036 712 3071 de
731 3037 831 3082 loco,
850 3048 926 3083 quo
944 3037 1164 3073 diversatus
1184 3042 1243 3072 est
1262 3037 1305 3071 P.
1326 3034 1475 3079 Simon,
1501 3041 1707 3082 antequam
