2018 3510
527 169 664 203 Epls'r.
692 166 854 211 44.-18
881 167 1126 202 DECEMBRJS
1157 176 1244 211 1544
1583 171 1648 216 351

67 267 260 324 cheguei
281 282 350 310 em
381 267 587 311 Cochim:
619 275 746 311 antes
776 281 865 322 que
893 269 1113 323 chegasse
1146 268 1339 323 baptizei
1380 271 1506 313 todos
1530 286 1578 314 os
1602 288 1698 315 ma-

66 349 175 388 cuas
204 345 488 399 pescadores,
519 359 608 399 que
636 344 785 388 vivem
815 359 884 388 em
915 358 941 386 0
971 358 1112 399 reyno
1136 345 1192 387 de
1222 346 1496 398 Travancor,
1529 363 1553 390 e
1576 350 1699 393 Deos

66 421 175 464 sabe
210 428 378 475 quanto
408 422 581 477 folgara
609 422 665 465 de
695 428 846 463 tornar
875 421 980 476 logo
1012 435 1119 476 para
1150 422 1313 463 acabar
1336 422 1391 464 de
1419 423 1619 479 baptizar
1648 441 1698 469 os

65 511 154 552 que
171 499 301 551 ficem,
327 512 374 541 se
397 502 483 541 nao
504 501 718 553 parecera
740 512 794 540 ao
816 499 981 540 senhor
999 496 1185 553 Vigario
1203 499 1329 553 geral
1352 498 1365 518 ²
1387 513 1473 553 que
1492 515 1567 542 era
1589 503 1699 545 mais

65 573 238 628 servico
261 575 316 618 de
353 577 475 618 Deos
497 575 567 617 hir
598 576 748 618 donde
769 579 866 617 esta
888 589 914 617 0
937 576 1102 617 senhor
1124 575 1453 618 Gouvernador
1478 591 1585 631 para
1618 595 1699 623 ne—

66 665 231 706 gocear
266 653 306 707 [o
329 651 504 708 castigo
534 651 742 711 d’El-rei]
771 653 827 694 de
849 652 1161 708 Jafanapatao.
1196 651 1385 696 Partirei
1414 667 1440 695 a
1470 654 1700 711 Cambaya

63 782 184 827 plum,
199 781 302 828 quod
317 781 478 816 inferius
496 781 689 828 dabimus,
710 787 751 817 ut
766 781 918 816 facilius
938 781 1109 827 suppleri
1128 781 1278 827 possint
1296 794 1395 828 quae
1421 783 1460 818 in
1484 785 1568 820 cod.
1588 786 1695 821 Mac.

61 840 509 876 desiderantur.——Vide
528 841 711 887 Possm„
733 841 805 875 lib.
830 841 901 885 ΙΙΙ,
923 852 985 886 ep.
1005 850 1039 884 9:
1062 841 1251 886 MENCH.,
1271 840 1344 876 lib.
1368 842 1399 887 Ι,
1420 854 1486 889 ep.
1509 852 1573 888 41.

135 900 215 934 «Ex
236 899 379 934 Archio
405 899 542 935 Goano
567 911 670 934 nunc
698 899 864 946 primum
890 900 1042 945 integra
1073 898 1213 945 prodit.
1246 901 1524 944 Fragmentum
1550 910 1616 937 aut
1636 916 1701 939 ex-

64 964 240 1005 cerptum
260 958 344 1005 ejus
360 960 479 994 breve
498 959 659 994 dederat
674 960 919 994 Tursellinus
945 964 1078 994 noster
1104 960 1175 1005 Ep.
1203 960 1272 1005 IX,
1294 960 1362 995 lib.
1384 961 1439 996 I.»
1471 961 1536 997 Sic
1564 963 1701 999 POSSI-

65 1026 146 1053 NUS
174 1017 213 1052 in
240 1018 424 1053 Indiculo
444 1018 671 1065 Exegetico,
692 1018 754 1053 cui
770 1018 974 1065 sequentia
1001 1018 1207 1064 subjungit
1230 1019 1489 1065 MENCHACA‚
1515 1026 1543 1055 t.
1566 1022 1597 1067 Ι,
1614 1034 1701 1068 pag.

66 1086 179 1113 LX111.
207 1077 357 1123 «Hujus
379 1077 639 1123 fragmentum
659 1078 780 1113 edidit
799 1078 963 1114 Cutillas
983 1079 1097 1124 paulo
1115 1078 1281 1123 auctius,
1301 1091 1417 1125 quam
1435 1080 1697 1117 TursellinuS.

68 1137 125 1171 Ex
143 1137 216 1171 hoc
234 1137 434 1182 discimus,
454 1137 690 1172 Macuchum
710 1137 888 1180 (Possino
907 1137 1210 1182 Monchurium)
1229 1137 1346 1172 situm
1365 1137 1487 1174 fuisse
1505 1151 1526 1174 a
1543 1141 1703 1187 cuspide

68 1196 360 1232 Comorinensis
376 1197 630 1243 promontorii
648 1196 839 1232 Coc-inum
855 1208 1011 1232 versus,
1032 1197 1077 1232 In
1091 1197 1230 1232 eodem
1248 1197 1438 1244 proditur,
1453 1210 1474 1233 a
1488 1199 1597 1245 Rege
1613 1200 1705 1235 fuis-

66 1267 108 1291 se
124 1255 293 1290 Xaverio
313 1256 516 1302 scriptum,
535 1256 632 1291 duos
648 1268 690 1291 se
705 1256 761 1291 illi
776 1256 901 1291 socios
920 1256 1092 1302 mittere,
1110 1269 1236 1291 unum
1251 1257 1418 1299 Italum,
1435 1259 1502 1293 cui
1514 1259 1705 1294 Nicolaus

67 1326 225 1357 nomem
248 1314 524 1351 castellanum
543 1317 734 1358 alterum,
760 1317 921 1351 nomine
948 1314 1219 1362 Cyprianum.
1245 1316 1361 1362 Apud
1385 1317 1591 1353 Possinum
1610 1320 1708 1354 alter

66 1374 274 1409 Lusitanus
300 1380 387 1410 ortu
415 1380 489 1421 est,
520 1377 618 1410 alter
649 1376 785 1419 Italus,
813 1375 882 1410 sed
907 1379 1057 1410 tacetur
1087 1375 1290 1422 utriusque
1321 1387 1475 1412 nomen.
1502 1378 1648 1414 Contra
1666 1379 1705 1414 in

63 1433 278 1468 Tursellini
297 1433 532 1480 fragmento:
550 1436 649 1470 duos
666 1435 777 1470 nobis
793 1435 916 1470 socios
934 1435 1108 1469 subsidio
1127 1435 1277 1476 venire,
1306 1435 1519 1471 Nicolaum
1548 1438 1708 1474 Lancel-

67 1493 207 1534 lotum,
235 1496 271 1528 et
294 1494 518 1529 Antonium
552 1493 820 1530 Criminalem
849 1495 995 1529 italum
1024 1497 1257 1539 utrumque.
1294 1494 1391 1530 Mira
1420 1507 1514 1531 sane
1544 1508 1705 1533 concors

66 1552 163 1586 haec
182 1553 492 1598 apographorum
511 1552 683 1587 omnium
698 1552 746 1586 de
760 1551 913 1587 duobus
931 1551 1047 1586 sociis
1066 1552 1286 1598 affirmatio,
1306 1564 1394 1588 cum
1410 1559 1488 1589 tres
1502 1562 1707 1591 recenseat

63 1610 299 1648 Orlandinus
318 1613 343 1646 l.
365 1620 399 1656 5,
419 1624 457 1647 n.
489 1611 550 1658 36,
582 1612 786 1647 Nicolaum
817 1612 1102 1658 Lancellotum‚
1134 1618 1173 1647 et
1202 1613 1417 1648 Antonium
1449 1614 1702 1650 Criminalem

65 1671 195 1714 Italos,
215 1682 259 1705 ac
278 1672 467 1717 Joannem
485 1671 534 1706 de
553 1672 667 1707 Beira
685 1672 916 1718 Hispanum:
938 1673 1005 1718 qui
1021 1672 1138 1707 etiam
1164 1672 1235 1708 lib.
1261 1672 1298 1719 6,
1324 1685 1367 1708 n.
1399 1673 1459 1720 87,
1487 1675 1702 1720 secundum

48 1720 241 1765 'numerat
261 1730 466 1766 Alfonsum
485 1730 725 1777 Cyprianum
751 1743 772 1766 e
797 1743 939 1766 novem
964 1731 1055 1776 illis,
1088 1732 1154 1778 qui
1185 1733 1367 1778 sequenti
1398 1744 1498 1768 anno
1527 1735 1616 1778 1546
1643 1735 1704 1769 In-

63 1788 166 1824 diam
185 1789 413 1835 attigerunt.
433 1791 553 1825 Porro
583 1802 786 1837 perperam
811 1803 832 1825 a
862 1791 1083 1826 Tursellino
1110 1797 1339 1838 excerptum
1363 1804 1477 1827 suum
1502 1793 1542 1828 in
1560 1805 1703 1829 annum

69 1857 156 1893 1545
174 1848 297 1884 fuisse
315 1849 551 1896 conjectum,
572 1850 719 1886 evincit
736 1862 825 1886 cum
844 1850 1073 1885 Possiniana
1096 1850 1262 1897 integra,
1292 1857 1373 1886 tum
1399 1852 1516 1887 etiam
1542 1852 1705 1888 Cutilla-

65 1907 114 1943 tis
131 1910 409 1955 apographum,
430 1909 469 1944 in
487 1910 628 1956 quibus
647 1909 748 1945 idem
769 1915 830 1945 est
854 1922 978 1945 annus
1013 1918 1120 1955 1544.
1158 1910 1337 1957 Accedit,
1369 1911 1473 1957 quod
1491 1918 1703 1958 sequentes

65 1966 253 2014 epistolae
278 1979 348 2003 nos
366 1969 522 2012 docent,
545 1969 757 2004 Xaverium
779 1975 869 2005 ante
885 1970 1096 2004 Decembr.
1125 1977 1214 2014 1545
1230 1971 1416 2005 Malacam
1435 1970 1701 2016 pervenisse.»

65 2026 276 2073 Hucusque
302 2029 532 2064 Menchaca.

134 2085 292 2133 Optime
322 2092 453 2123 autem
488 2099 591 2123 nunc
616 2099 799 2123 «concors
818 2089 913 2123 haec
941 2089 1249 2134 apographorum
1274 2088 1447 2123 omnium
1476 2089 1525 2124 de
1550 2089 1703 2125 duobus

66 2145 180 2180 sociis
199 2147 424 2182 affirmatio»
447 2147 679 2194 explicatur,
705 2147 1031 2194 quemadmodum
1064 2153 1103 2182 et
1133 2159 1318 2182 numerus
1350 2149 1542 2184 ternarius
1573 2149 1704 2185 Socio-

65 2216 162 2250 rum,
183 2206 249 2252 qui
263 2218 398 2252 reapse
418 2206 458 2241 in
476 2206 625 2242 Indiam
645 2219 876 2253 pervenere.
898 2208 1012 2242 Anno
1035 2216 1138 2251 1544,
1159 2216 1203 2251 29
1220 2207 1381 2253 Aprilis,
1397 2208 1543 2255 navim,
1558 2209 1688 2255 Burga

68 2262 150 2298 leza
168 2263 325 2309 dictam,
358 2265 673 2300 conscenderunt
698 2266 834 2300 Patres
863 2265 1058 2300 Antonius
1084 2265 1308 2300 Criminalis
1333 2271 1373 2300 et
1403 2267 1544 2302 Petrus
1563 2268 1694 2314 Lopez

59 2322 152 2369 -sved,
167 2328 401 2371 tempestate
419 2326 568 2369 oborta,
584 2324 833 2371 Ulyssiponis
857 2330 1011 2371 portum
1035 2337 1113 2360 non
1137 2326 1258 2360 multo
1285 2330 1374 2372 post
1399 2326 1615 2372 petierunt.
1641 2328 1701 2362 De

69 2381 126 2417 his
150 2382 302 2418 duobus
321 2384 502 2419 Patribus
532 2386 602 2419 abs
632 2384 751 2419 dubio
782 2385 950 2431 loquitur
981 2384 1209 2419 Possiniana
1240 2385 1423 2431 epistola.
1460 2386 1505 2421 In
1523 2387 1701 2432 catalogo

69 2451 200 2477 eorum
218 2442 266 2477 de
281 2442 491 2487 Societate,
507 2444 574 2490 qui
591 2443 631 2479 in
651 2443 893 2481 Orientalem
908 2443 1057 2478 Indiam
1076 2455 1098 2478 e
1117 2443 1318 2479 Lusitania
1338 2450 1429 2480 sunt
1448 2445 1570 2492 missi,
1598 2446 1704 2480 Patri

69 2499 182 2536 Petro
201 2502 330 2548 Lopez
349 2514 424 2538 non
447 2502 668 2548 assignatur
698 2503 835 2549 patria:
870 2503 1025 2538 videtur
1055 2502 1177 2538 fuisse
1209 2503 1416 2549 lusitanus,
1448 2509 1489 2539 et
1519 2505 1575 2540 sic
1597 2505 1703 2550 regis

66 2557 286 2596 Lusitaniae
305 2562 484 2606 nuncius,
504 2567 586 2597 tum
604 2562 652 2597 de
671 2574 847 2608 numero,
867 2567 949 2597 tum
974 2562 1022 2597 de
1049 2573 1182 2597 eorum
1202 2563 1339 2608 patria,
1365 2563 1539 2610 perfecte
1559 2564 1704 2599 intelli-

63 2617 183 2662 gitur.
208 2621 308 2656 Vide
328 2621 485 2667 SOUZA,
510 2621 673 2657 Oriente
695 2621 840 2667 Conq.,
861 2630 874 2655 Ι
889 2623 920 2656 .²¹
934 2627 1049 2667 part.,
1065 2633 1180 2668 conq.
1203 2622 1256 2668 ΙΙ,
1270 2622 1356 2658 div.
1381 2623 1412 2667 Ι,
1427 2635 1470 2658 n.
1491 2631 1554 2667 57.

133 2679 192 2713 De
211 2680 336 2715 tribus
354 2679 550 2726 Patribus,
570 2681 636 2727 qui
655 2681 835 2727 sequenti
854 2692 954 2715 anno
973 2692 1060 2715 cum
1076 2681 1246 2726 Prorege
1266 2682 1416 2727 Joanne
1431 2682 1481 2717 de
1506 2682 1645 2717 Castro
1661 2682 1700 2717 in

65 2736 210 2773 Indiam
224 2745 504 2786 pervenerunt,
537 2741 684 2787 optime
702 2739 939 2778 Orlandinus
958 2741 1042 2775 loco
1063 2752 1179 2787 supra
1197 2740 1328 2776 citato:
1357 2741 1413 2776 sic
1438 2742 1541 2777 enim
1563 2753 1700 2776 omnes

65 2793 241 2833 auctores
261 2804 300 2833 et
322 2798 491 2844 catalogi
513 2800 719 2844 affirmant,
744 2800 821 2834 imo
846 2804 885 2833 et
909 2800 1099 2846 epistolae
1123 2801 1182 2835 ab·
1196 2799 1291 2846 ipsis
1312 2801 1493 2836 Patribus
1512 2801 1551 2836 in
1582 2801 1702 2835 Euro-

69 2865 155 2900 pam
174 2857 334 2892 missae.
354 2859 357 2862 '
1207 2887 1211 2891 .

138 2917 151 2936 ²
201 2916 378 2952 Vicarius
395 2917 592 2963 generalis
611 2923 694 2952 erat
712 2917 875 2953 Michael
896 2918 991 2964 VaZ,
1012 2919 1199 2955 Societati
1218 2919 1527 2954 addictissimus.
1558 2920 1617 2953 De
1634 2918 1702 2953 illo

72 2982 223 3020 semper
242 2976 405 3012 maxima
424 2988 512 3012 cum
531 2977 644 3012 laude
659 2976 828 3023 loquitur
846 2978 1057 3013 Xaverius.
