2049 3360
356 189 423 227 754
848 180 1117 217 MONUMENTA
1143 178 1392 215 XAVERlANA

396 284 437 325 8.
504 284 594 326 Por
617 281 704 325 isso
728 296 810 325 vos
833 296 943 338 rogo
967 297 991 326 e
1013 280 1352 326 emcommendo
1374 279 1518 322 muito
1548 293 1635 335 que
1665 277 1922 331 trabalheis‚

304 375 353 404 se
376 361 527 417 algum
554 359 699 404 Padre
719 358 815 404 vier
837 359 894 402 do
918 373 1074 414 reyno,
1100 372 1158 400 ou
1182 358 1364 414 algurna
1385 363 1516 400 outra
1538 370 1698 412 pessoa
1722 356 1778 400 de
1811 369 1925 411 qua-
1986 382 1990 389 ·

304 437 450 481 lidade
492 443 641 480 entrar
680 438 755 479 n’a
791 434 1094 492 Companhia,
1135 449 1222 490 que
1260 449 1391 491 possa
1429 449 1500 478 ser
1544 433 1711 485 Padre,
1750 446 1921 489 porque

304 529 441 571 agora
466 529 536 558 em
562 514 749 558 Mallaca
779 527 835 558 eu
860 512 1035 568 rogarei
1063 511 1205 554 muito
1235 526 1290 554 ao
1320 510 1540 567 Cappitao
1568 525 1678 566 que,
1704 523 1753 553 se
1779 509 1822 552 la
1856 509 1922 552 for

308 593 461 648 algum
487 592 632 635 Padre
654 592 726 633 n'a
750 593 938 645 monceio
960 589 1015 632 de
1038 587 1188 640 Abril,
1222 602 1309 643 que
1331 588 1404 632 lhe
1427 587 1483 631 de
1505 588 1794 643 embarcacao
1816 600 1922 643 para

313 668 382 710 hir
408 683 431 711 a
448 670 604 725 Japao.

399 760 441 803 9.
509 743 642 788 Olhai
671 758 758 799 que
787 748 872 786 nao
901 741 1059 786 tomeis
1086 756 1244 798 pessoa
1274 743 1350 784 n'a
1379 740 1682 798 Companhia,
1722 755 1810 796 que
1842 745 1927 783 1ιέιο

314 824 448 868 tenha
470 823 652 878 alguma
680 820 916 876 qualidade
944 835 1049 876 para
1078 819 1254 875 ajudar‚
1288 819 1421 862 assim
1450 821 1526 862 n’o
1558 817 1765 875 Collegio
1795 831 1926 860 como

314 897 625 958 mandand0[a]
656 899 763 950 form
790 913 814 941 e
843 912 893 940 os
921 911 1008 953 que
1036 901 1160 940 estao
1191 897 1351 941 dentro
1377 896 1425 952 ja
1447 896 1692 948 recebidos,
1721 895 1799 953 [se]
1832 894 1922 937 vir-
1987 927 1993 933 .

315 978 395 1021 des
422 978 449 998 ¹¹
475 991 561 1031 que
584 980 670 1018 nz'io
693 982 781 1017 tem
806 982 954 1030 partes
977 989 1001 1017 e
1023 973 1224 1017 virtudes
1252 988 1358 1030 para
1385 973 1541 1029 ajudar
1573 977 1598 1016 ἐι
1628 971 1923 1029 Companhia,

315 1068 437 1098 esses
460 1061 554 1096 taes
586 1051 990 1108 despedil—os-heis
1026 1052 1072 1093 ¹².
1111 1052 1177 1095 Os
1209 1065 1296 1106 que
1328 1051 1471 1094 andao
1503 1051 1558 1094 de
1591 1050 1686 1093 fora
1716 1050 1771 1093 de
1803 1063 1924 1103 caza,

314 1145 443 1174 como
466 1130 729 1186 comprador
751 1145 775 1173 e
798 1143 848 1171 os
869 1136 1039 1180 outros,
1066 1127 1199 1173 tereis
1221 1127 1361 1171 muita
1383 1127 1505 1184 vigia
1522 1127 1652 1171 sobre
1669 1127 1792 1180 elles;
1812 1141 1837 1170 e
1855 1141 1924 1170 as-
1986 1151 1989 1154 <

315 1208 396 1251 sim
420 1221 575 1250 acerca
597 1207 655 1249 do
676 1221 758 1250 seu
778 1205 919 1257 viver,
945 1219 1074 1248 como
1096 1219 1252 1248 acerca
1274 1205 1329 1247 de
1351 1218 1495 1249 serem
1518 1203 1614 1247 fieis
1643 1206 1719 1247 n'o
1746 1217 1834 1259 que
1857 1219 1904 1248 re

317 1285 472 1329 cebem
505 1300 530 1329 e
559 1288 738 1340 gastz‘103
771 1299 795 1327 e
824 1283 941 1325 olhai
970 1282 1113 1325 muito
1142 1282 1274 1326 sobre
1310 1281 1411 1334 isto,
1451 1295 1620 1338 porque
1657 1295 1705 1324 se
1743 1294 1930 1336 requere

313 1361 453 1405 muita
476 1352 696 1417 perfeicfio
719 1362 818 1403 n'os
841 1374 927 1415 que
949 1360 1121 1402 han-de
1140 1366 1276 1403 tratar
1299 1366 1418 1404 estas
1440 1372 1606 1402 couzas
1628 1372 1727 1402 corn
1757 1358 1931 1414 aquella
1971 1388 1990 1418 43

319 1439 508 1483 fieldade
532 1453 618 1494 que
641 1453 689 1481 se
711 1452 912 1493 requere.
1964 1426 1987 1490 ζ

415 1530 479 1560 10.
548 1515 752 1560 Belchior
781 1517 938 1559 Nunes
973 1516 1026 1567 ¹⁵,
1062 1530 1086 1559 6
1114 1529 1140 1558 0
1168 1515 1310 1557 Irmao
1338 1528 1426 1570 que
1454 1528 1569 1570 veyo
1597 1527 1696 1557 com
1727 1513 1933 1558 Belchior
1968 1517 1986 1567 ζ

318 1595 578 1649 Goncalvez
599 1594 655 1637 de
680 1592 859 1647 Bacaim
888 1593 934 1644 ¹⁴,
963 1591 1071 1635 fazei
1094 1605 1223 1635 como
1244 1606 1293 1635 se
1315 1590 1554 1635 exercitem
1579 1590 1721 1634 muito
1744 1605 1815 1634 em
1833 1590 1921 1634 offi-
1955 1586 1987 1647 ,ξ

319 1673 413 1716 cios
435 1672 490 1716 de
512 1671 670 1714 dentro
691 1670 748 1713 de
775 1684 902 1722 caza,
936 1669 1069 1713 assim
1098 1683 1227 1713 como
1254 1670 1311 1711 ha
1338 1683 1481 1714 serem
1511 1667 1809 1712 cozinheiros:
1846 1671 1931 1712 1ιέιο
1958 1644 1987 1730 {72

1963 1729 1987 1757 „4

382 1809 408 1832 ¹¹
459 1807 627 1854 vierdes,
647 1819 719 1843 ms.
925 1807 953 1829 ¹²
1003 1806 1217 1853 despedillo
1235 1807 1333 1851 heis,
1351 1818 1428 1842 ms.

384 1870 410 1891 ¹³
461 1868 624 1903 Videtur
648 1867 809 1902 evidens
823 1872 1006 1910 erratum,
1022 1867 1188 1902 maxime
1202 1866 1455 1902 consideratis
1470 1866 1613 1910 verbis,
1632 1877 1730 1914 quae
1748 1867 1851 1902 hunc
1865 1877 1930 1914 pa·
1973 1877 1982 1911 ᾗ

314 1929 543 1974 ragraphum
567 1935 608 1961 10
625 1926 824 1971 claudunt,
843 1937 941 1972 quae
960 1926 1003 1961 Ρ.
1024 1926 1222 1961 Melchiori
1240 1925 1374 1961 Nunes
1401 1925 1557 1961 minime
1581 1931 1742 1972 possunt
1767 1925 1932 1973 applica-
1950 1920 1993 1955 ἱ·’

315 1989 361 2034 ri,
380 1988 445 2035 qui
463 1986 711 2022 Bazainensis
729 1985 884 2031 collegii
902 1986 1015 2032 paulo
1039 1990 1152 2021 antea
1175 1986 1224 2021 ab
1242 1985 1326 2032 ipso
1350 1984 1517 2020 Xaverio
1541 1983 1666 2020 fuerat
1689 1985 1926 2021 nominatus.
1955 1972 1982 2035 J

317 2049 361 2083 In
379 2047 493 2083 tertia
510 2052 633 2094 parte,
651 2046 690 2081 in
721 2044 940 2080 Xaveriano
963 2044 1211 2091 documento,
1236 2044 1339 2091 quod
1363 2044 1463 2091 apud
1487 2045 1736 2080 Menchacam
1759 2049 1866 2080 extat
1891 2048 1933 2080 ut

319 2120 379 2154 ep.
397 2117 456 2153 24,
471 2106 558 2142 libri
572 2106 641 2150 IV,
656 2104 846 2140 Xaverius
861 2104 974 2140 valde
987 2103 1246 2148 commendat,
1268 2109 1308 2139 et
1326 2104 1496 2151 quidem,
1512 2109 1636 2139 semet
1649 2109 1764 2151 atque
1778 2103 1939 2150 iterum,

315 2174 356 2202 ut
375 2167 414 2202 in
432 2165 594 2212 abjectis
612 2164 747 2200 officiis
766 2165 1028 2200 Balthasarem
1046 2163 1180 2199 Nunes
1199 2169 1238 2200 et
1256 2163 1503 2199 Franciseum
1522 2163 1650 2211 Lopez
1674 2164 1832 2211 probet,
1850 2173 1933 2198 eos·
1954 2163 1958 2202 f
1984 2195 1991 2204 .,
2044 2180 2049 2191 ·

315 2238 390 2274 que
409 2226 448 2261 in
467 2224 730 2272 spiritualibus
748 2223 943 2259 exercitiis
959 2222 1164 2259 Societatis
1179 2228 1373 2259 exerceat.
1390 2222 1581 2258 Audiatur
1593 2222 1750 2270 SOUZA‚
1771 2211 1961 2259 Orientes
1988 2239 1989 2242 =
2047 2235 2049 2247 ·

320 2298 444 2332 conq.,
465 2286 525 2320 2.¹
543 2289 656 2331 part.,
675 2294 786 2331 conq.
806 2283 838 2330 Ι,
853 2282 932 2318 div.
948 2283 980 2328 1,
995 2295 1030 2319 n.
1050 2293 1108 2328 44:
1127 2282 1209 2318 «Na
1223 2282 1430 2330 epistola...
1446 2294 1489 2318 se
1503 2283 1597 2318 acha
1611 2293 1700 2318 uma
1713 2283 1931 2319 clausula...
1946 2316 1947 2319 ,
1987 2276 1989 2283 '

319 2345 398 2380 mui
417 2343 641 2391 prejudicial
659 2354 705 2378 ao
724 2341 872 2378 credito
895 2341 1007 2377 deste
1030 2345 1144 2378 ναι-ΞΟ
1168 2341 1429 2377 illustrissimo
1453 2341 1521 2387 [P.
1548 2341 1738 2378 Melchior
1762 2341 1929 2387 NunesJ,
1985 2370 1986 2373 ,

319 2415 464 2451 porque
481 2402 648 2439 sanando
666 2413 688 2438 0
707 2401 850 2438 Sancto
867 2401 915 2436 de
933 2401 1133 2437 Balthesar
1150 2401 1299 2445 Nunes,
1317 2412 1393 2448 que
1411 2412 1476 2436 era
1494 2413 1558 2437 um
1576 2401 1695 2436 irmao
1713 2401 1930 2448 estudante,

318 2475 368 2499 ou
385 2474 500 2510 quem
518 2461 712 2498 tresladou
730 2473 751 2496 a
768 2466 874 2496 carta
891 2472 952 2496 em
970 2460 1068 2505 Goa,
1087 2471 1135 2496 ou
1152 2471 1267 2507 quem
1286 2471 1307 2495 a
1325 2459 1500 2496 traduziu
1519 2471 1580 2496 em
1598 2460 1764 2507 Europa,
1790 2472 1853 2496 em
1877 2451 1936 2496 lu?

317 2535 386 2569 gar
404 2521 452 2557 de
465 2521 666 2556 Balthesar
679 2531 751 2567 poz
768 2519 959 2566 Belchior,
985 2531 1096 2555 como
1115 2524 1250 2555 consta
1266 2519 1609 2555 clarissimamente
1633 2519 1681 2555 da
1698 2525 1803 2555 carta
1819 2519 1938 2566 origi,-¹

317 2581 394 2627 nal,
413 2591 487 2628 que
505 2581 622 2615 tenho
639 2579 770 2615 diante
786 2578 858 2615 dos
875 2590 983 2614 meus
1001 2579 1123 2625 Olbos,
1142 2578 1294 2626 quando
1313 2578 1389 2614 isto
1407 2589 1582 2623 escrevo,
1601 2590 1623 2614 e
1648 2590 1691 2615 se
1709 2581 1730 2615 e
1757 2589 1931 2615 necessa·

320 2640 393 2686 rio,
411 2638 529 2674 assim
547 2649 569 2673 0
585 2638 672 2684 juro
689 2649 756 2673 aos
775 2642 929 2673 sanctos
947 2638 1231 2684 Evangelhosn.
1294 2670 1315 2678 s
1920 2675 1922 2678 ,

383 2700 414 2721 ⁴⁴
461 2697 535 2732 Per
553 2702 678 2732 totum
696 2708 838 2733 annum
859 2704 945 2742 1551
975 2708 1074 2732 unus
1097 2695 1172 2733 fuit
1196 2702 1345 2733 tantum
1369 2696 1526 2733 Bazaini
1549 2709 1637 2733 cum
1662 2697 1706 2733 P.
1725 2696 1934 2733 Melchior:

321 2758 542 2804 Goncalves
556 2756 690 2792 Frater
704 2755 922 2792 Ludovicus
936 2756 1069 2801 Froes,
1084 2761 1127 2792 ut
1144 2755 1277 2792 videre
1293 2761 1354 2792 est
1365 2756 1406 2792 in
1422 2756 1536 2802 hujus
1551 2757 1694 2792 Fratris
1711 2756 1874 2804 epistola
1893 2782 1897 2786 ,
1915 2758 1935 2790 νὲ,

318 2815 657 2854 Conimbricenses
676 2814 814 2860 socios,
832 2814 939 2850 Goae
958 2813 1021 2850 die
1042 2823 1057 2849 1
1078 2814 1308 2851 Decembris
1325 2823 1414 2860 1552
1427 2814 1528 2851 data.
1545 2815 1643 2852 Cum
1657 2827 1750 2851 vero
1764 2815 1808 2852 P.
1824 2815 1932 2852 Gon?

319 2877 449 2922 calves
467 2879 626 2910 vocatus
644 2872 762 2914 fuerit
779 2885 801 2908 e
819 2873 1048 2909 Bazainensi
1064 2874 1231 2920 collegio
1249 2885 1350 2910 anno
1367 2882 1470 2920 1552,
1485 2879 1525 2910 et
1538 2875 1672 2910 Frater
1685 2875 1804 2910 Froes
1818 2871 1932 2912 etia&

321 2935 444 2972 Goam
462 2933 634 2982 petierit,
647 2932 846 2980 probabile
860 2933 1012 2979 saltem,
1028 2933 1088 2969 sin
1101 2933 1228 2970 minus
1241 2938 1391 2970 certum
1405 2939 1577 2982 apparet,
1591 2933 1640 2969 de
1654 2933 1720 2969 illo
1733 2933 1815 2969 fieri
1830 2944 1891 2970 me
1902 2930 1917 2963 ι’

321 2995 466 3036 tionem
485 2993 525 3030 in
544 2998 672 3031 textu,
