2018 3510
624 210 760 244 EPIST.
791 208 849 243 80.
870 217 959 243 -20
985 209 1099 254 JUNn
1128 218 1218 254 1549
1621 219 1690 256 527

106 305 387 351 sacerdotum
410 318 580 346 morem
605 303 906 358 retinendum,
932 303 969 346 si
992 304 1100 359 quid
1122 320 1147 347 a
1176 305 1344 361 populo
1369 307 1622 359 offerretur,
1658 321 1736 350 ac-

108 382 208 439 cipi.
234 381 324 426 Sed
347 380 561 435 quicquid
578 380 797 436 pecuniae
819 387 1027 425 coactum
1050 388 1134 434 est,
1148 381 1265 437 jussi
1288 382 1344 424 ad
1361 382 1618 426 sodalitium
1641 385 1734 426 Mi-

109 458 378 503 sericordiae
395 457 558 501 deferri
568 456 841 513 pauperibus
858 457 1160 501 dividendum.
1182 458 1340 502 Nostri
1358 473 1538 515 quoque
1554 468 1736 516 propter

110 536 421 592 indigenarum
453 536 736 578 sacerdotum
770 535 1058 591 paucitatem,
1094 535 1140 578 in
1177 536 1365 579 solemni
1404 536 1734 592 supplicatione

108 612 423 659 Sanctissimae
451 611 760 655 Eucharistiae
788 626 1047 668 processere
1070 612 1252 657 linteati.
1284 612 1441 657 Socios
1456 614 1734 658 Malacenses

107 690 216 733 adeo
238 688 412 732 naviter
434 688 480 731 in
508 688 640 731 vinea
667 688 850 731 Domini
877 688 1133 733 laborantes
1162 689 1448 743 offendimus,
1481 697 1532 732 ut
1559 704 1733 745 nequa-

105 781 236 822 quam
263 766 309 808 in
336 780 414 809 eos
442 765 553 808 illud
575 765 853 808 conveniret:
893 766 1016 819 Quid
1038 766 1109 808 ln‘c
1142 768 1272 809 statis
1310 770 1398 809 tota
1436 767 1507 809 die
1544 768 1694 810 otiosi?
1718 770 1732 789 ⁵

105 845 269 899 Magna
309 843 382 885 hic
425 851 519 886 erat
561 842 712 898 opinio
748 842 966 899 Japonios
1008 843 1070 886 ita
1114 845 1255 887 factos
1297 851 1342 887 et
1385 845 1575 887 affectos
1611 858 1727 897 esse,

106 927 153 964 ut
179 921 235 963 ad
273 920 441 963 Christi
473 921 607 962 fidem
641 919 866 963 accessuri
899 919 1161 964 viderentur
1194 920 1527 977 quamplurimi.
1564 922 1731 965 Eorum

103 997 235 1050 enim,
261 997 337 1053 qui
360 998 480 1053 apud
502 997 601 1040 illos
624 996 790 1040 versati
818 1004 940 1048 sunt,
976 997 1117 1040 literis
1139 999 1196 1040 ad
1229 1013 1311 1055 nos
1344 999 1568 1054 perfertur
1599 998 1730 1055 flagi-

105 1074 185 1117 tari
207 1089 232 1117 a
252 1074 505 1131 Japonibus
535 1074 805 1126 sacerdotes,
833 1073 909 1128 qui
937 1088 1008 1117 res
1038 1073 1124 1118 illis
1152 1074 1343 1128 divinas,
1376 1083 1421 1120 et
1449 1075 1732 1119 Christiano-

105 1165 202 1194 rum
223 1151 486 1207 religionem
509 1141 750 1207 exponant.
778 1152 888 1204 Vos,
915 1165 1100 1206 quaeso,
1126 1154 1275 1195 Deum
1299 1153 1551 1204 obsecrate,
1586 1160 1635 1195 ut
1657 1152 1732 1194 iti-

104 1228 212 1280 neri,
237 1228 564 1283 conatibusque
587 1227 751 1270 nostris
774 1228 924 1270 faveat
951 1235 1087 1283 atque
1116 1230 1414 1283 obsecundet,
1446 1230 1627 1284 quando
1650 1244 1732 1273 nos

101 1304 276 1348 divinae
297 1304 592 1361 benignitatis
621 1320 730 1348 aura
758 1304 859 1347 freti
887 1305 988 1349 vela
1014 1305 1269 1361 pandimus,
1301 1321 1490 1361 eamque
1524 1306 1653 1350 nobis
1685 1307 1732 1350 in

100 1383 182 1425 hoc
204 1382 388 1438 negotio
404 1383 497 1437 jam
530 1381 799 1425 confidimus
831 1382 989 1426 afflari:
1026 1382 1111 1426 nisi
1146 1383 1260 1426 forte
1292 1384 1349 1425 ob
1383 1390 1537 1427 nostra
1567 1384 1732 1428 delicta

99 1458 335 1515 quominus
358 1474 451 1503 rem
476 1467 645 1502 tantam
668 1458 978 1511 conficiamus,
1004 1474 1086 1502 nos
1118 1460 1298 1502 deserat
1330 1467 1466 1515 atque
1495 1460 1726 1505 destituat.

99 1529 236 1573 Nobis
258 1531 384 1573 Deus
407 1529 571 1572 auxilio
594 1544 770 1586 semper
791 1529 849 1572 sit
872 1544 924 1572 ac
941 1530 1178 1586 praesidio.
1201 1532 1352 1575 Amen
1369 1533 1396 1573 ⁰.
1420 1532 1521 1573 XII
1530 1533 1726 1576 Kalend.

22 1602 27 1634 ⁴³
93 1606 242 1663 Julias
264 1608 359 1662 ipso
385 1607 558 1649 Christi
580 1608 759 1663 corpori
787 1621 918 1649 sacro
946 1608 1031 1660 die,
1054 1608 1170 1650 anni
1191 1608 1246 1650 M
1250 1609 1505 1651 ‚DXLJX
1529 1609 1725 1652 Malaca.

21 1692 27 1709 ‘¹
185 1684 364 1741 [Vester
386 1684 596 1727 minimus
619 1685 756 1728 frater
777 1683 821 1726 in
847 1683 1045 1736 Christo,

885 1762 920 1804 F
924 1761 1224 1820 RANcrscus.]

1495 1744 1513 1757 0

869 1890 955 1929 80

448 1983 679 2039 JOANNI
712 1983 785 2035 III,
813 1983 1188 2027 LUSITANIAE
1222 1983 1365 2026 REGI

617 2090 792 2133 Malaca
815 2101 871 2132 20
887 2087 1012 2146 Junii
1041 2099 1150 2145 1549
1177 2091 1205 2131 ¹.

26 2172 36 2190 '³
102 2181 319 2218 Consilimn
331 2184 557 2229 sanonicae
572 2185 836 2231 expeditionis
849 2184 1049 2219 ineundae
1068 2183 1142 2218 sibi
1159 2195 1185 2218 a
1209 2184 1293 2218 Deo
1318 2182 1508 2228 injectum
1535 2184 1731 2229 persenti—

166 2242 474 2279 scit.—Comites
488 2244 661 2287 itineris,
681 2244 788 2279 inter
801 2255 896 2289 quos
916 2246 995 2278 tres
1016 2242 1202 2289 japones,
1230 2254 1402 2288 quorum
1426 2243 1616 2288 pietatem
1644 2243 1731 2277 lau-

167 2303 466 2338 dat.—Eximia
483 2302 718 2350 Praefectus
732 2303 972 2338 Malacensis
987 2302 1256 2337 benevolentia
1271 2305 1306 2337 et
1320 2303 1364 2336 in
1379 2302 1538 2337 itineris
1552 2303 1732 2348 expensis

164 2363 434 2408 procurandis
451 2362 745 2410 munificentia,
764 2361 878 2408 cujus
892 2373 1013 2397 causa
1030 2373 1121 2397 euni
1140 2362 1245 2408 Regi
1267 2361 1383 2396 valde
1409 2362 1731 2396 conmmendat.—

168 2421 225 2456 Ne
243 2422 325 2457 Rex
344 2423 558 2467 rationem,
577 2433 733 2457 summo
743 2422 777 2468 J
778 2422 887 2457 udici
897 2424 985 2468 post
999 2421 1111 2456 breve
1129 2424 1283 2466 tempus
1297 2422 1559 2461 reddendam,
1575 2421 1732 2456 oblivis—

168 2484 296 2523 catur,
316 2483 495 2528 repetitis
512 2482 639 2517 verbis
653 2482 840 2517 inculcat.

190 2571 225 2602 Ι.
291 2559 489 2611 Auditis,
515 2559 724 2612 Domine,
749 2573 801 2602 ac
822 2573 957 2615 saepe
980 2559 1261 2613 multumque
1278 2557 1591 2609 conside-ratis,
1612 2572 1728 2613 quae

165 2666 179 2686 ⁵
227 2666 421 2711 MATTH.,
442 2667 530 2712 XX,
549 2667 588 2700 6.

161 2724 176 2745 ⁶
224 2723 403 2771 Cutillas,
423 2727 507 2760 loco
526 2737 658 2761 eorum
676 2718 776 2772 quae
795 2729 1025 2770 sequuntur,
1051 2724 1117 2759 ait:
1141 2724 1222 2759 «De
1242 2724 1388 2759 Malaca
1415 2732 1433 2757 2
1459 2723 1506 2758 de
1533 2723 1649 2769 Junio
1677 2723 1724 2757 de

98 2788 199 2827 1549.
224 2783 392 2819 Vuestro
412 2796 546 2819 menor
564 2785 761 2819 Hermano
780 2796 829 2819 en
847 2783 1019 2819 Christo.
1045 2783 1297 2818 Francisco.»
1326 2782 1532 2818 Undenam
1559 2782 1723 2818 Cutillas

96 2841 339 2888 exscripserit
357 2843 460 2878 diem
479 2853 514 2885 2,
535 2845 619 2879 loco
639 2843 716 2878 diei
735 2852 796 2884 20,
817 2843 1056 2888 ignoramus.

167 2903 177 2922 ¹
226 2902 283 2936 Ex
314 2903 494 2945 Possm„
527 2903 594 2938 lib.
627 2903 696 2947 IV,
728 2914 789 2949 ep.
822 2902 1009 2948 9.-·-Vide
1029 2902 1215 2947 CUTILL„
1248 2913 1348 2937 anno
1382 2909 1486 2946 1549,
1518 2913 1579 2947 ep.
1611 2901 1633 2934 6
1664 2904 1723 2944 (17

99 2957 229 3004 Junii):
250 2961 436 3008 MENCH.,
456 2963 524 2998 lib.
545 2963 616 3007 III,
637 2974 703 3009 ep.
727 2973 762 3007 9.
950 3006 953 3010 Ι

169 3018 355 3056 Audiatur
373 3022 632 3068 MENCHACA,
652 3022 691 3056 in
711 3022 955 3069 Prolegom.‚
976 3033 1043 3068 pp.
1068 3020 1215 3056 CXVII
1241 3025 1281 3055 et
1304 3019 1483 3055 CXVIII:
1503 3020 1574 3054 «P.
1598 3018 1727 3053 Cutil—
