2148 3515
453 731 922 786 DESCRIPTIO
983 730 1348 784 CODICUM

298 878 358 907 EX
397 876 575 915 QUIBUS
612 875 907 906 DOCUMENTA
947 875 995 904 IN
1035 875 1130 904 HOC
1168 874 1324 904 OPERE
1364 874 1511 904 EDITA

559 953 855 984 POTISSIMUM
885 952 1248 983 DEPROMUNTUR

179 1180 286 1222 Duo
309 1178 617 1234 praenotanda
640 1177 901 1230 universim,
927 1184 1167 1233 antequam
1191 1177 1248 1221 de
1271 1176 1463 1233 singulis
1486 1175 1722 1219 codicibus

90 1255 277 1301 seorsim
299 1255 587 1300 disseramus.
616 1257 686 1299 Ac
708 1255 851 1312 primo
874 1255 1072 1311 quidem,
1098 1261 1232 1311 prout
1244 1255 1338 1310 jam
1363 1254 1472 1297 alias
1490 1254 1533 1296 in
1554 1253 1721 1296 nostris

92 1336 421 1378 MONUMENTIS
450 1332 871 1387 animadvertimus,
904 1332 981 1375 ubi
1009 1334 1137 1375 locus
1166 1338 1362 1384 tacetur,
1395 1332 1451 1375 de
1480 1331 1637 1375 codice
1665 1330 1721 1373 ad

93 1410 365 1455 Societatem
387 1410 642 1466 pertinente
664 1425 916 1455 sermonem
940 1425 1039 1455 esse
1062 1410 1190 1453 scias,
1215 1409 1391 1453 Deinde
1414 1423 1571 1452 omnes
1594 1407 1718 1451 codi—

93 1503 184 1541 ces,
209 1487 326 1531 infra
348 1489 665 1541 recensendos,
692 1490 954 1532 chartaceos
975 1503 1075 1531 esse
1098 1495 1142 1531 te
1165 1487 1385 1531 monitum
1408 1488 1634 1530 volumus.

794 1648 949 1685 Codex
982 1649 1020 1686 Ι.

183 1785 421 1827 Romanus
443 1784 578 1826 codex
599 1784 1178 1840 autographorum.—Vol.
1213 1783 1258 1825 in
1282 1783 1357 1825 fol.
1385 1788 1590 1825 recenter
1612 1795 1724 1823 con-

95 1861 369 1919 glutinatum
392 1869 437 1905 et
461 1861 617 1904 villoso
640 1861 783 1904 serico
806 1861 930 1904 rubri
953 1860 1114 1904 coloris
1138 1866 1360 1916 opertum.
1384 1861 1433 1902 In
1449 1857 1593 1915 primo
1617 1858 1725 1900 folio

94 1959 206 2001 haec
229 1972 386 2001 recens
403 1956 636 2013 inscriptio
652 1956 834 2013 legitur:
861 1931 986 2002 «IPTIS
1014 1957 1019 2015 Ι
1049 1959 1080 2000 Ι.
1113 1957 1119 2014 Ι
1148 1958 1195 2001 S.
1219 1958 1270 1999 P.
1294 1957 1351 1999 N.
1378 1954 1540 2012 Ignatii
1569 1954 1574 2012 Ι
1604 1954 1726 1998 litte-

97 2049 246 2077 rarum
275 2042 321 2078 et
349 2034 538 2078 aliorum
561 2035 937 2078 documentorum
966 2034 972 2092 Ι
1001 2034 1256 2078 adversaria
1283 2032 1289 2091 Ι
1318 2034 1601 2089 autographa
1622 2031 1723 2083 alia,

96 2112 181 2155 alia
198 2114 477 2169 apographa,
509 2111 515 2170 Ι
544 2114 910 2168 apographorum
929 2119 1079 2156 autem
1098 2113 1228 2168 plura
1255 2111 1260 2170 Ι
1288 2110 1429 2167 ipsius
1448 2107 1499 2154 S.
1520 2108 1727 2152 Parentis

97 2204 232 2232 manu
261 2188 267 2247 Ι
295 2196 430 2232 aucta
453 2196 530 2233 aut
561 2190 815 2234 emendata.
848 2189 854 2248 Ι
882 2191 935 2233 II.
967 2189 973 2247 Ι
1002 2191 1049 2234 S.
1091 2188 1320 2233 Francisci
1350 2186 1535 2232 Xaverii
1563 2186 1568 2244 Ι
1597 2193 1724 2229 auto--

97 2268 313 2323 grapha.»
345 2266 351 2325 Ι
381 2268 482 2310 Hoc
503 2266 660 2311 codice
683 2281 793 2310 usus
821 2274 890 2311 est
922 2270 973 2311 Ρ.
1006 2267 1220 2323 Delplace
1244 2266 1290 2308 in
1318 2266 1418 2321 ejus
1449 2279 1585 2320 opere
1614 2279 1725 2307 ano-

97 2343 234 2397 nimo,
275 2345 466 2387 Selectae
504 2345 750 2387 Indiarmn
787 2345 1049 2401 epistolae...
1091 2346 1378 2388 Documenta
1409 2342 1454 2384 in
1500 2342 1575 2384 illo
1614 2355 1726 2384 con—

99 2427 223 2465 tenta
243 2428 427 2466 centum
451 2421 700 2478 nonaginta
728 2428 774 2466 et
805 2437 945 2465 unum
975 2428 1287 2474 numerantur,
1312 2434 1505 2476 quorum
1534 2419 1727 2462 maxima

101 2512 204 2554 pars
225 2499 282 2542 ad
304 2500 352 2543 S.
381 2499 610 2555 Ignatium
632 2500 907 2544 referuntur.
934 2501 977 2543 A
1000 2514 1188 2544 numero
1211 2514 1238 2557 9
1255 2499 1311 2542 ad
1329 2510 1385 2541 20
1401 2503 1558 2541 extant
1579 2496 1728 2539 socio—

102 2589 200 2618 rum
223 2577 269 2620 S.
298 2575 462 2633 Ignatii
484 2583 590 2619 vota
612 2591 693 2633 pro
722 2577 943 2622 electione
965 2576 1218 2621 Generalis.
1252 2576 1350 2621 Sub
1383 2576 1520 2619 finem
1544 2573 1728 2630 reperiri

101 2660 170 2696 est
191 2653 396 2697 collectio
425 2655 581 2699 decem
615 2656 994 2700 documentorum
1018 2657 1065 2700 S.
1098 2654 1327 2699 Francisci
1344 2652 1544 2705 Xaverii,
1565 2660 1610 2695 et
1633 2651 1728 2708 epi—

101 2730 214 2773 stola
243 2732 294 2774 P.
329 2731 527 2776 Simonis
550 2732 821 2789 Rodrigues,
854 2732 924 2776 sui
959 2740 1004 2777 et
1032 2735 1084 2776 Ρ.
1117 2732 1300 2776 Xaverii
1335 2731 1517 2775 nomine
1544 2729 1725 2785 scripta:

99 2808 211 2851 haec
233 2808 440 2865 quintum
468 2817 661 2866 occupat
689 2810 841 2853 locum
873 2810 990 2855 inter
1018 2810 1275 2855 Xaveriana
1296 2810 1584 2852 documenta.
1612 2806 1718 2851 Ulti-

101 2898 220 2928 mum
245 2885 383 2929 totius
405 2886 574 2930 codicis
597 2888 920 2931 documentum
944 2895 1012 2933 est
1036 2888 1192 2932 relatio
1215 2886 1435 2939 miraculi,
1457 2901 1482 2929 a
1501 2887 1548 2930 S.
1576 2887 1729 2929 Xave-

101 2959 166 3004 rio
188 2961 231 3004 in
258 2964 369 3007 urbe
391 2965 690 3020 Neapolitana
712 2980 831 3008 anno
860 2966 972 3020 1766
993 2965 1171 3022 patrati.

192 3040 330 3084 Hunc
357 3040 560 3086 codicem
589 3056 768 3099 semper
796 3044 883 3086 hoc
911 3043 1048 3087 modo
1084 3042 1432 3086 nominabimus:
1466 3041 1559 3083 cod.
1594 3041 1724 3082 Rom.

109 3118 289 3173 autogr.
