2049 3360
281 161 350 207 968
788 157 1062 193 MONUMENTA
1088 159 1341 194 XAVERJANA

234 268 339 309 ptam
359 261 494 296 fuisse.
515 260 666 295 Sufficit
685 259 770 304 ejus
795 259 923 302 lectio,
945 258 1417 306 ut'evidenter'appareat
1437 258 1706 306 praecedentis
1732 258 1874 305 episto-

236 324 296 357 lae
318 333 405 356 esse
424 320 690 356 summarium.

304 382 373 427 Ep.
395 393 432 414 n.
452 379 543 414 639.
598 379 736 413 Mirum
757 390 848 412 sane
868 377 1080 423 neminem,
1100 384 1253 424 praeter
1271 378 1623 424 historiographum
1644 378 1784 412 Lemos
1803 378 1873 412 Fa-

232 440 302 484 ria,
322 441 361 475 in
380 445 510 474 annot.
538 447 548 472 1
572 438 748 481 citatum,
769 439 867 472 hanc
886 437 1089 483 epistolam
1109 438 1356 483 cognovisse.
1378 438 1463 472 Hoc
1490 443 1638 472 tantum
1663 437 1775 472 nobis
1795 437 1873 471 ani—

232 498 552 534 madvertendum
580 502 639 532 est
664 497 796 531 stilum
825 508 893 531 seu
919 496 1074 531 modum
1100 497 1296 532 scribendi
1321 496 1495 540 Xaverii,
1521 503 1563 531 ut
1593 496 1777 542 epistolas
1798 507 1871 530 vau-

235 559 442 604 tographas
475 556 621 601 legenti
653 562 772 602 patet,
794 555 928 600 majori
948 555 1189 601 ingenuitate
1217 561 1255 590 et
1280 555 1528 602 simplicitate
1555 555 1739 590 donatum
1770 566 1871 589 esse.

233 618 308 652 Ast
325 629 412 652 cum
432 621 703 660 argumentum
723 615 911 661 epistolae
931 616 978 649 ab
998 616 1157 650 aliarum
1178 615 1428 661 epistolarum
1444 615 1604 650 materie
1621 614 1732 649 valde
1747 613 1872 648 diver-

234 688 322 711 sum
342 676 405 719 sit,
422 675 551 721 aliquo
573 674 685 710 modo
704 674 818 720 hujus
837 674 1077 710 diversitatis
1097 675 1194 709 ratio
1213 674 1442 721 explicatur.

308 736 377 781 Ep.
400 747 436 768 n.
459 733 545 769 70.
598 735 708 768 Hanc
740 734 945 780 epistolam
977 735 1237 781 apocrypham
1264 734 1483 780 judicamus
1513 745 1561 768 ex
1591 732 1806 768 rationibus
1836 731 1875 766 in

236 800 368 828 annot.
395 802 406 827 1
430 793 576 828 allatis.

309 854 377 899 Ep.
406 865 441 887 n.
476 852 560 888 79.
613 853 681 887 Est
712 852 985 899 praecedentis
1016 853 1204 899 epistolae
1236 852 1312 898 (78)
1337 853 1624 899 compendium,
1657 857 1699 886 ut
1728 851 1875 896 legenti

238 918 360 958 patet.
1662 940 1665 943 .

310 972 380 1017 Ep.
402 983 467 1005 nn.
484 970 541 1004 81
565 976 603 1005 et
618 969 704 1006 δι’.
756 971 843 1007 Una
862 971 1075 1017 eademque
1091 977 1181 1006 sunt
1196 971 1374 1018 epistola,
1389 983 1488 1018 quae
1503 976 1651 1006 tantum
1671 970 1761 1005 stilo
1775 968 1876 1004 aliis-

235 1042 312 1076 que
333 1029 441 1076 parvi
463 1029 649 1064 momenti
668 1031 785 1064 rebus
812 1030 913 1064 inter
932 1041 974 1065 se
999 1030 1197 1065 differunt.
1224 1031 1322 1065 Illud
1342 1036 1491 1065 tantum
1511 1030 1685 1074 adverte,
1709 1028 1812 1076 quod
1836 1028 1874 1063 in

237 1101 300 1135 ep.
319 1090 378 1134 82,
399 1101 436 1123 n.
458 1098 513 1134 17,
534 1100 621 1135 pag.
644 1088 726 1135 543,
745 1089 888 1124 dicitur
902 1089 1219 1137 depurgatorio‚
1236 1091 1377 1125 namin
1397 1102 1458 1136 ep.
1474 1090 1533 1136 81,
1549 1102 1587 1125 n.
1611 1098 1667 1136 14,
1686 1101 1774 1136 pag.
1791 1088 1874 1133 536,

234 1148 493 1183 desideratur.
515 1149 637 1193 Lege,
664 1148 696 1183 si
728 1149 869 1194 placet,
889 1149 1178 1184 annotationem
1206 1149 1357 1184 Possini
1390 1150 1428 1184 in
1453 1149 1636 1184 Indiculo
1665 1148 1874 1195 exegetiw,

238 1208 291 1243 lib
328 1208 376 1253 V,
397 1219 462 1254 ep·.
490 1208 557 1242 111.
580 1208 745 1242 Videtur
764 1208 979 1243 omittenda
998 1209 1161 1255 epistola
1180 1208 1220 1243 81
1239 1215 1278 1244 et
1297 1209 1550 1255 relinquenda
1569 1220 1630 1255 ep.
1650 1208 1709 1253 82,
1729 1216 1876 1245 mutata

237 1273 389 1302 tantum
410 1268 448 1302 in
468 1269 569 1302 hunc
591 1267 745 1302 modum
773 1268 1038 1314 inscriptione:
1067 1268 1214 1303 «Sociis
1241 1269 1279 1303 in
1298 1270 1449 1314 Europa
1472 1269 1746 1315 degentibus»,
1765 1270 1875 1316 cujus

239 1327 464 1362 mutationis
484 1327 582 1361 ratio
615 1327 708 1362 illud
727 1333 802 1373 est,
821 1328 930 1374 quod>
956 1328 994 1362 in
1013 1339 1105 1374 pag.
1130 1337 1212 1373 541,
1245 1341 1284 1363 n.
1321 1327 1376 1373 13,
1397 1328 1552 1373 legitur:
1586 1328 1699 1364 «Casi
1723 1339 1875 1375 sempre

239 1388 327 1421 leuo
346 1386 477 1421 diante
497 1386 545 1421 de
567 1398 674 1421 meus
694 1387 804 1421 olhos
823 1398 844 1421 e
864 1387 1159 1422 ente‘ndimento
1184 1399 1205 1422 o
1229 1399 1304 1434 que
1325 1392 1477 1433 muytas
1503 1398 1619 1422 vezes
1644 1397 1747 1433 ouvy
1771 1387 1877 1422 dizer

236 1457 282 1480 ao
298 1456 412 1480 nosso
428 1445 750 1481 bemavinturado
764 1445 887 1480 Padre
903 1446 1092 1491 Ignati03»
1108 1458 1206 1493 quae
1222 1452 1417 1492 postrema
1432 1447 1551 1481 verba
1566 1458 1642 1481 non
1657 1446 1876 1493 scripsisset

238 1505 432 1539 Xaverius
452 1504 490 1539 in
510 1505 675 1551 epistola
694 1505 741 1539 ad
761 1505 887 1551 ipsum
906 1505 954 1540 P.
978 1506 1173 1551 Ignatium
1191 1505 1419 1541 nominatim
1439 1505 1572 1540 missa.
1597 1505 1735 1541 Posset
1752 1505 1876 1541 adhuc

239 1564 345 1609 addi,
366 1564 484 1610 epist.
517 1564 558 1599 81
582 1571 621 1599 et
639 1564 683 1598 82
709 1577 796 1600 esse
822 1577 935 1600 unam
956 1565 1211 1612 eamdemque
1235 1566 1453 1612 epistolam,
1473 1565 1669 1612 aliquanto
1690 1571 1874 1601 mutatam

238 1629 279 1659 et
299 1624 371 1658 alia
392 1624 453 1658 via
473 1624 647 1658 missam.
671 1625 777 1659 Haec
795 1624 951 1671 quidem
972 1625 1168 1660 sufficiens
1183 1625 1280 1660 ratio
1295 1630 1369 1665 est,
1390 1624 1483 1660 utin
1501 1631 1631 1660 nostra
1645 1625 1875 1660 collectione

241 1690 403 1729 utraque
424 1683 461 1717 in
490 1684 615 1718 lucem
635 1683 785 1727 edatur,
806 1690 847 1719 ut
871 1684 1185 1730 historiographi,
1210 1683 1311 1719 facta
1332 1684 1432 1719 inter
1454 1690 1657 1731 utramque
1680 1695 1874 1731 compara*-

239 1743 359 1786 tione,
381 1742 594 1777 secundum
613 1744 767 1788 regulas
785 1742 956 1787 critices,
976 1744 1125 1790 possint
1144 1743 1348 1779 veritatem
1368 1744 1524 1789 elicere,
1544 1744 1701 1779 minime
1721 1756 1813 1779 vero
1833 1751 1875 1779 ut

237 1802 277 1836 in
298 1801 556 1846 versionibus,
577 1802 615 1837 in
635 1803 862 1837 vernaculas
881 1803 1033 1848 linguas
1051 1802 1180 1849 factis,
1199 1803 1259 1838 bis
1278 1803 1414 1838 eadem
1432 1809 1671 1849 repetantur.

312 1862 385 1907 Ep.
412 1873 454 1895 n.
479 1859 563 1896 81.
615 1862 719 1896 Nihil
745 1861 849 1897 aliud
869 1862 1023 1897 videtur
1041 1874 1144 1908 esse,
1162 1874 1277 1909 quarn
1296 1874 1456 1909 parvum
1476 1861 1738 1908 fragmentum
1760 1863 1874 1909 origi-

240 1920 337 1955 nalis
355 1919 558 1966 epistolae,
580 1921 653 1955 sub
672 1932 711 1955 n.
737 1929 782 1965 77
801 1920 928 1956 datae.

311 1980 381 2024 Ep.
404 1991 443 2013 n.
469 1979 550 2015 85.
608 1979 758 2015 Inedita
776 1980 955 2015 habenda
975 1986 1048 2016 est.

311 2039 383 2084 Ep.
406 2051 442 2073 n.
463 2037 554 2074 815.
605 2039 698 2073 Pars
718 2039 989 2085 praecedentis
1008 2039 1212 2086 epistolae.
1240 2039 1340 2074 Vide
1359 2045 1491 2074 annot.
1521 2048 1556 2074 1.

312 2098 382 2143 Ep.
404 2110 468 2132 nn.
489 2096 564 2133 89
583 2103 622 2133 et
640 2097 733 2134 93.
786 2100 958 2146 Utraque
986 2111 1061 2134 una
1091 2105 1206 2146 atque
1225 2099 1361 2134 eadem
1392 2098 1557 2145 epistola
1587 2099 1741 2134 videtur
1765 2111 1869 2135 esse.

240 2156 442 2202 Exempla,
471 2167 570 2203 quae
601 2156 694 2191 dant
724 2157 967 2193 Tursellinus
1003 2161 1133 2204 (quem
1165 2158 1340 2204 sequitur
1370 2158 1595 2202 Menchaca)
1621 2164 1660 2193 et
1694 2157 1875 2202 Cutillas,

237 2216 418 2261 exemplo
437 2216 580 2250 codicis
611 2216 796 2262 Villarej.
817 2216 1068 2263 respondent;
1090 2216 1191 2252 unde
1210 2216 1374 2263 epistola
1392 2223 1536 2260 nostra,
1552 2218 1625 2253 sub
1646 2229 1687 2252 n.
1711 2216 1757 2263 93
1776 2218 1875 2264 posi·
1902 2219 1909 2225 '

238 2279 293 2318 ta,
321 2274 353 2308 si
372 2274 524 2320 integre
557 2275 840 2319 consideretur,
871 2276 1017 2311 inedita
1048 2276 1226 2311 habenda
1252 2283 1329 2311 est.
1354 2276 1462 2311 Haec
1487 2282 1618 2311 autem
1649 2276 1812 2323 epistola
1830 2276 1878 2322 93

239 2333 492 2379 praeferenda
512 2334 679 2377 videtur3
700 2335 865 2380 primum
885 2335 1034 2371 ratione
1049 2336 1147 2371 stili:
1170 2335 1336 2382 epistola
1360 2335 1463 2370 enim
1487 2336 1533 2381 89
1557 2335 1672 2371 nimis
1696 2342 1875 2371 accurate

239 2399 396 2428 exarata
415 2399 475 2428 est
493 2399 532 2429 et
552 2393 665 2429 modo
683 2394 768 2429 aliis
787 2394 826 2430 in
845 2395 1022 2441 epistolis
1040 2407 1116 2430 non
1137 2396 1294 2439 usitato3
1314 2395 1543 2442 secundum,
1568 2395 1607 2430 in
1626 2398 1687 2442 ep'.
1713 2395 1760 2441 89
1776 2395 1876 2431 inte-

239 2463 309 2497 ger
336 2454 599 2499 paragraphus
619 2462 639 2488 2
671 2453 860 2500 epistolae
878 2453 924 2499 93
954 2453 1210 2498 desideratur;
1231 2466 1252 2489 e
1283 2460 1430 2498 contra,
1461 2455 1625 2501 epistola
1649 2453 1696 2500 93
1723 2454 1806 2490 fere
1830 2466 1875 2490 ea

238 2510 368 2545 omnia
386 2512 560 2546 continet
577 2523 677 2558 quae
697 2524 759 2558 ep.
781 2512 840 2558 893
860 2512 1029 2548 diximus
1039 2513 1147 2560 fere,
1166 2513 1256 2560 quia
1281 2515 1355 2548 sub
1372 2513 1489 2548 finem
1508 2513 1696 2560 epistolae
1713 2513 1760 2559 89
1776 2513 1875 2548 duae

241 2569 389 2615 periodi
422 2571 675 2606 brevissimae
705 2571 966 2618 reperiuntur,
985 2583 1084 2619 quae
1116 2572 1155 2608 in
1183 2584 1248 2619 ep.
1284 2571 1330 2617 93
1347 2583 1423 2608 non
1452 2573 1658 2608 habentur:
1678 2574 1799 2608 altera
1827 2572 1877 2607 de

241 2627 408 2674 epistola
426 2642 593 2677 magna,
615 2630 703 2666 scil.
727 2642 789 2677 90,
807 2632 928 2666 altera
947 2643 1039 2667 vero
1057 2631 1106 2667 de
1125 2632 1322 2678 Patribus,
1340 2643 1437 2679 quos
1457 2632 1622 2667 affirmat
1644 2631 1837 2667 xaverius
1854 2642 1876 2666 a

237 2697 284 2722 se
309 2693 469 2723 vocatos
499 2689 622 2725 fuisse
640 2690 679 2724 in
710 2690 927 2736 Japoniam3
954 2691 1023 2726 sed
1054 2692 1149 2726 haec
1173 2697 1368 2737 postrema
1394 2690 1575 2738 periodus
1604 2696 1876 2736 argumentum

242 2746 371 2792 potius
391 2747 545 2783 videtur
564 2755 698 2784 contra
718 2755 839 2784 totam
858 2750 1078 2796 epistolam,
1097 2756 1164 2785 aut
1188 2752 1326 2786 saltem
1344 2756 1480 2786 contra
1502 2756 1656 2797 tempus
1684 2749 1768 2796 ejus
1786 2749 1878 2785 scri-

241 2805 397 2851 ptionis3
418 2817 505 2841 nam
524 2807 689 2853 epistola
706 2808 850 2844 dicitur
873 2809 963 2844 data
981 2809 1045 2845 die
1063 2808 1085 2844 3
1104 2809 1355 2854 Novembris,
1380 2809 1472 2844 dum
1497 2821 1547 2844 ex
1571 2809 1803 2844 documento
1821 2819 1878 2843 ar-

238 2864 410 2911 chetypo
440 2865 544 2908 (vide
575 2878 641 2913 ep.
676 2870 737 2912 92)
760 2867 1030 2904 constat·illos
1061 2869 1197 2904 Patres
1223 2873 1381 2904 vocatos
1407 2868 1530 2904 fuisse
1555 2868 1623 2904 die
1650 2877 1670 2913 5
1701 2866 1877 2914 ejusdem

245 2933 410 2959 mens1s.
1702 2939 1705 2942 ’
