2049 3360
602 101 768 137 DOCUM.
800 102 972 147 152.—23
997 103 1108 149 JUNn
1138 112 1226 148 1549
1602 102 1671 147 885

857 309 969 348 152

264 407 484 462 JOANNI
519 408 748 460 BRAVO,
784 409 1144 454 SOCIETATIS
1177 409 1549 453 CANDIDATO

614 509 787 552 Malaca
811 521 864 564 23
881 510 1004 567 Junii
1034 521 1143 567 1549
1171 512 1199 553 ¹.

550 607 698 642 Forma
716 609 821 644 vitae
839 610 1026 657 religiose
1044 611 1258 645 ducendae.

98 716 384 753 {LEMBRANQA
407 715 503 753 QUE
526 715 555 745 0
579 717 621 745 Β.
650 717 688 745 P.
717 717 979 748 FRANolsoo
1004 719 1196 756 XAVIER,
1224 719 1374 748 Hmno
1399 719 1521 748 PERA
1547 707 1711 758 ]ΑΡᾸο,

188 791 282 821 DEo
306 792 370 821 EM
395 792 629 831 MALLACA,
663 794 727 822 EM
758 792 811 834 23
841 794 903 823 DE
930 794 1087 833 JUNHO
1115 795 1177 824 DE
1211 792 1336 837 1549,
1370 796 1398 825 A
1426 795 1528 825 HUM
1559 795 1713 825 PADRE

189 869 310 898 PARA
332 868 633 899 APROVEITAR
657 870 721 899 EM
746 870 952 908 SPIRITO,
979 871 1212 901 ASSINADA
1237 871 1328 901 POR
1354 872 1488 901 ELLE.

196 979 230 1009 Ι.
297 966 680 1019 Primeiramente,
704 969 806 1024 pola
827 971 1032 1021 manhaa‚
1053 970 1321 1021 aeordando,
1343 970 1447 1026 logo
1466 969 1600 1014 tereis
1617 976 1712 1013 esta

92 1043 253 1086 *ordem
276 1057 363 1097 que
385 1057 434 1087 se
456 1058 614 1100 segue.
641 1046 729 1087 Por
752 1060 913 1100 espargo
941 1047 997 1089 de
1018 1061 1147 1101 meya
1169 1048 1279 1088 hora
1306 1060 1360 1088 ao
1388 1061 1542 1090 menos
1570 1046 1710 1090 medi-

101 1119 233 1163 tareis
254 1120 310 1162 de
333 1120 495 1176 alguns
530 1127 693 1176 pontos
715 1122 771 1164 da
793 1121 896 1165 vida
928 1122 984 1166 de
1007 1122 1203 1175 Christo,
1236 1123 1509 1176 comeeando
1542 1123 1599 1165 do
1630 1137 1710 1166 seu

93 1204 227 1240 santo
249 1196 527 1239 nascimento
549 1199 652 1240 athe
675 1212 756 1240 sua
785 1197 982 1254 glorioza
1009 1199 1243 1252 Ascenoao
1266 1199 1298 1251 ²,
1324 1200 1467 1241 d’esta
1495 1198 1706 1243 maneira:

89 1288 186 1329 =que
208 1274 481 1328 comeoando
512 1274 612 1330 pola
641 1276 845 1326 manh5a,
872 1274 1126 1317 meditareis
1154 1289 1179 1317 e
1208 1274 1548 1330 contemplareis
1580 1289 1651 1318 em
1683 1290 1710 1316 0

95 1349 373 1394 naseimento
395 1351 451 1394 de
466 1352 576 1407 Jesu
598 1352 683 1394 Χ.ο
705 1365 775 1394 em
799 1366 824 1393 a
845 1352 1050 1407 segunda
1073 1351 1196 1403 seira,
1223 1367 1247 1394 e
1269 1366 1294 1393 a
1318 1358 1438 1405 terea
1462 1350 1569 1394 feira
1590 1365 1661 1394 em
1684 1366 1709 1394 a

96 1426 345 1481 meditaoao
381 1427 606 1483 seguinte,
646 1443 671 1471 e
708 1435 882 1483 quarta,
923 1427 1094 1484 quinta,
1134 1434 1260 1472 sexta
1297 1442 1321 1470 0
1350 1428 1548 1470 sabbado
1584 1428 1709 1484 polas

93 1502 399 1558 meditaooens
420 1504 501 1546 dos
523 1503 786 1558 exercicios,
812 1505 922 1547 eada
943 1504 1016 1547 dia
1037 1504 1138 1560 pola
1160 1505 1350 1546 manhaa
1368 1504 1555 1546 fazendo
1572 1505 1708 1546 huma

40 1623 56 1633 ,
90 1579 347 1636 ’ῐηοᾶίΐ3οἔῑο
368 1581 468 1636 pela
504 1595 671 1625 mesma
710 1581 861 1624 ordem
890 1597 914 1625 0
937 1580 1133 1624 maneira
1160 1595 1247 1635 que
1285 1594 1333 1622 as
1363 1579 1498 1623 fazeis
1524 1581 1706 1635 quando

93 1671 177 1699 vos
198 1657 503 1700 exercitaveis.
531 1659 618 1701 N’a
641 1665 769 1701 outra
790 1672 972 1701 semana
993 1657 1199 1713 seguinte
1230 1656 1359 1699 fareis
1388 1671 1437 1699 os
1465 1656 1707 1700 exercicios

87 1733 153 1776 —da
182 1734 369 1778 terceira
394 1749 591 1787 semana,
623 1735 829 1792 segunda
857 1735 965 1777 feira
991 1734 1261 1788 comeoando
1289 1748 1369 1789 por
1396 1735 1533 1777 huma
1563 1733 1706 1778 medi-

95 1815 238 1865 taoao,
273 1817 394 1867 terea
430 1826 509 1867 por
546 1818 690 1864 outra,
731 1819 889 1867 quarta
926 1810 1048 1861 seira,
1081 1809 1252 1865 quinta,
1293 1817 1418 1854 sexta
1450 1824 1474 1853 0
1506 1810 1705 1854 sabbado

87 1887 217 1943 ‘polas
239 1894 392 1931 outras
428 1888 731 1943 meditaooens
760 1889 816 1930 da
844 1887 1048 1943 segunda
1076 1901 1273 1938 semana,
1306 1888 1407 1942 pola
1435 1887 1588 1931 ordem
1617 1901 1706 1942 que

86 1967 189 2007 festa
210 1966 306 2006 n'os
328 1964 570 2008 exeroicios
593 1965 649 2007 da
671 1964 857 2008 terceira
878 1977 1073 2005 semana.
1100 1964 1135 2005 F
1139 1963 1252 2006 areis
1274 1977 1343 2006 em
1366 1978 1391 2005 3
1413 1970 1542 2005 outra
1559 1977 1706 2006 sema—

164 2070 175 2089 ¹
225 2070 282 2104 Ex
296 2072 366 2105 cod
379 2070 480 2106 Mac.
490 2099 498 2115 ‚
515 2070 553 2105 ff.
569 2069 642 2114 87v
656 2075 696 2105 et
708 2069 766 2105 88.
782 2071 898 2104 Extat
912 2068 1028 2104 etiam
1042 2069 1303 2115 apographum
1318 2069 1357 2104 in
1371 2070 1524 2104 Histor.
1540 2069 1589 2104 P.
1603 2068 1708 2104 Gon-

86 2129 234 2174 ufalves,
255 2129 294 2164 ff.
312 2128 405 2174 239v
421 2135 460 2165 et
474 2139 556 2175 240,
576 2130 677 2165 unde
696 2141 780 2164 eam
798 2128 952 2163 videtur
976 2127 1188 2174 sumpsisse
1212 2128 1368 2174 SOUZA‚
1388 2128 1551 2164 Oriente
1580 2139 1706 2174 conq.,

95 2189 149 2223 z.⁸
166 2194 280 2234 part.,
299 2200 411 2236 conq.
433 2190 464 2234 I,
483 2189 562 2224 div.
581 2190 632 2234 ΙΙ,
652 2201 690 2224 n.
717 2198 751 2224 2:
771 2189 854 2223 cod.
889 2187 1074 2233 Villarej.
1089 2216 1097 2232 ,
1122 2188 1176 2222 2.⁸
1199 2192 1313 2233 part.,
1337 2198 1409 2233 cap
1445 2186 1501 2232 13,
1525 2198 1707 2233 compen-

86 2246 200 2282 dium
219 2253 368 2283 tanturn
386 2248 489 2283 illius
508 2248 623 2283 dedit.
637 2247 792 2284 Codicis
811 2246 1026 2282 Macaensis
1045 2247 1266 2293 exemplum
1284 2246 1580 2293 praeferendum
1598 2245 1706 2280 vide-

95 2311 170 2352 tur,
190 2311 272 2341 tum
290 2307 438 2342 ratione
466 2307 560 2353 stili,
580 2314 660 2342 tum
679 2306 885 2353 praecipue
910 2306 959 2340 ob
988 2305 1294 2351 annotationem,
1313 2317 1411 2352 quae
1443 2305 1484 2340 S.
1511 2304 1707 2339 Francisci

87 2366 419 2413 ¹subscriptionem
438 2366 625 2413 sequitur,
641 2367 688 2400 ab
701 2366 784 2412 ipso
798 2366 948 2410 Joanne
962 2365 1103 2410 Bravo,
1118 2376 1305 2411 suppreso
1320 2364 1490 2406 nomine,
1506 2364 1704 2410 scriptam:

85 2429 263 2460 *attamen
297 2437 384 2460 eum
419 2431 597 2461 neutrum
632 2436 765 2459 eorum
795 2423 984 2469 originale
1015 2423 1084 2467 sit,
1115 2429 1321 2470 utrumque
1353 2422 1546 2458 edendum
1576 2422 1704 2457 visum

87 2490 164 2520 est.
186 2485 380 2520 Numerus
402 2494 415 2520 Ι
437 2485 476 2520 in
495 2486 580 2520 cod.
606 2484 709 2520 Mac.
736 2489 775 2519 et
799 2483 901 2530 apud
923 2484 1187 2528 MeneImeam,
1212 2484 1337 2530 quoad
1361 2483 1537 2518 ordinem
1559 2494 1702 2523 rerum,

86 2555 187 2590 quae
206 2544 245 2579 in
263 2544 328 2579 illo
353 2549 568 2589 narrantur,
593 2543 706 2578 valde
730 2544 831 2578 inter
855 2554 896 2578 se
921 2542 1117 2578 differunt:
1144 2548 1344 2589 praeterea
1368 2554 1406 2577 n.
1427 2550 1446 2587 5
1472 2542 1705 2577 Menchacae

84 2603 130 2638 in
146 2604 233 2638 cod.
258 2603 361 2638 Mac.
380 2603 635 2638 desideratur.
656 2602 699 2637 In
718 2603 911 2648 exemplo,
932 2613 981 2637 ex
999 2602 1153 2637 Histor.
1174 2602 1222 2637 P.
1243 2601 1464 2653 Gonfalves
1482 2601 1703 2647 desumpto,

89 2674 130 2699 n.
152 2671 184 2707 Ι,
212 2674 257 2697 03
275 2662 506 2698 brevissime
524 2667 740 2705 narrantur,
761 2673 860 2708 quae
878 2661 917 2696 in
935 2662 1017 2697 cod.
1038 2661 1141 2696 Mac.
1162 2666 1201 2696 et
1225 2660 1327 2708 apud
1351 2661 1600 2696 Menchacam
1631 2660 1703 2694 sub

89 2732 155 2756 nn.
179 2729 193 2755 1
215 2726 255 2756 et
273 2729 293 2755 2
311 2722 513 2755 habentur:
535 2719 574 2754 in
591 2719 751 2766 reliquis
771 2720 892 2765 magis
915 2731 1002 2754 curn
1029 2720 1209 2755 versione
1233 2720 1465 2755 Menchaeae
1490 2719 1531 2763 (i.
1558 2730 1592 2753 e.
1613 2719 1706 2754 Pos-

80 2778 180 2823 sini)
197 2790 310 2826 quam
329 2791 416 2814 cum
434 2779 611 2824 exemplo
629 2779 711 2814 cod.
731 2778 838 2814 Mac.
861 2778 1410 2829 convenit—VidelPOSSIN„
1426 2779 1493 2814 lib.
1514 2779 1564 2823 V,
1584 2789 1644 2825 ep.
1666 2787 1702 2822 5:

84 2838 277 2884 MENCH.,
297 2838 362 2873 lib,
384 2838 454 2881 ΙΙΙ,
475 2850 540 2884 ep.
569 2846 621 2882 17.

161 2900 176 2920 ²
226 2898 459 2944 Asumpeao,
478 2908 574 2941 ms.;
595 2896 664 2932 sed
681 2908 786 2932 error
804 2902 863 2932 est
883 2897 1124 2934 manifestus.
