<?xml version="1.0" encoding="UTF-8"?>
<!DOCTYPE html PUBLIC "-//W3C//DTD XHTML 1.0 Transitional//EN"
    "http://www.w3.org/TR/xhtml1/DTD/xhtml1-transitional.dtd">
<html xmlns="http://www.w3.org/1999/xhtml" xml:lang="en" lang="en">
 <head>
  <title>
</title>
<meta http-equiv="Content-Type" content="text/html;charset=utf-8" />
  <meta name='ocr-system' content='tesseract 3.04.00' />
  <meta name='ocr-capabilities' content='ocr_page ocr_carea ocr_par ocr_line ocrx_word'/>
</head>
<body>
  <div class='ocr_page' id='page_1' title='image "./monumentaxaveria1601fran_0543.png"; bbox 0 0 2018 3510; ppageno 0'>
   <div class='ocr_carea' id='block_1_1' title="bbox 531 204 1635 250">
    <p class='ocr_par' dir='ltr' id='par_1_1' title="bbox 531 204 1635 250">
     <span class='ocr_line' id='line_1_1' title="bbox 531 204 1635 250; baseline 0.002 -12"><span class='ocrx_word' id='word_1_1' title='bbox 531 204 668 239; x_wconf 75' lang='lat' dir='ltr'><strong>EPIST.</strong></span> <span class='ocrx_word' id='word_1_2' title='bbox 696 211 863 248; x_wconf 83' lang='lat'><strong>74.—25</strong></span> <span class='ocrx_word' id='word_1_3' title='bbox 891 204 1088 249; x_wconf 75' lang='lat' dir='ltr'>JANUARH</span> <span class='ocrx_word' id='word_1_4' title='bbox 1119 211 1207 247; x_wconf 70' lang='lat'>1549</span> <span class='ocrx_word' id='word_1_5' title='bbox 1569 214 1635 250; x_wconf 83' lang='lat'>507</span> 
     </span>
    </p>
   </div>
   <div class='ocr_carea' id='block_1_2' title="bbox 0 303 1685 359">
    <p class='ocr_par' dir='ltr' id='par_1_2' title="bbox 0 303 1685 359">
     <span class='ocr_line' id='line_1_2' title="bbox 0 303 1685 359; baseline -0.001 -9"><span class='ocrx_word' id='word_1_6' title='bbox 0 346 1 350; x_wconf 75' lang='grc'>,</span> <span class='ocrx_word' id='word_1_7' title='bbox 58 314 257 350; x_wconf 83' lang='lat' dir='ltr'><strong>tuantur.</strong></span> <span class='ocrx_word' id='word_1_8' title='bbox 282 304 572 349; x_wconf 89' lang='lat' dir='ltr'>Inchoabitur</span> <span class='ocrx_word' id='word_1_9' title='bbox 599 304 733 347; x_wconf 90' lang='lat' dir='ltr'>etiam</span> <span class='ocrx_word' id='word_1_10' title='bbox 756 304 877 347; x_wconf 88' lang='lat' dir='ltr'>aliud</span> <span class='ocrx_word' id='word_1_11' title='bbox 909 303 1200 355; x_wconf 80' lang='lat' dir='ltr'>domicilium,</span> <span class='ocrx_word' id='word_1_12' title='bbox 1239 304 1312 345; x_wconf 83' lang='lat' dir='ltr'>ubi</span> <span class='ocrx_word' id='word_1_13' title='bbox 1348 312 1520 359; x_wconf 79' lang='lat' dir='ltr'>praeter</span> <span class='ocrx_word' id='word_1_14' title='bbox 1552 308 1685 350; x_wconf 87' lang='lat' dir='ltr'>orbos</span> 
     </span>
    </p>
   </div>
   <div class='ocr_carea' id='block_1_3' title="bbox 57 381 1689 1280">
    <p class='ocr_par' dir='ltr' id='par_1_3' title="bbox 58 381 1689 823">
     <span class='ocr_line' id='line_1_3' title="bbox 59 381 1681 439; baseline -0.001 -13"><span class='ocrx_word' id='word_1_15' title='bbox 59 383 378 427; x_wconf 83' lang='lat' dir='ltr'>Lusitanorum</span> <span class='ocrx_word' id='word_1_16' title='bbox 401 381 532 434; x_wconf 86' lang='lat' dir='ltr'>filios,</span> <span class='ocrx_word' id='word_1_17' title='bbox 568 383 782 439; x_wconf 80' lang='lat' dir='ltr'>japones,</span> <span class='ocrx_word' id='word_1_18' title='bbox 808 395 921 435; x_wconf 90' lang='lat' dir='ltr'>quos</span> <span class='ocrx_word' id='word_1_19' title='bbox 958 382 1056 423; x_wconf 91' lang='lat' dir='ltr'>Deo</span> <span class='ocrx_word' id='word_1_20' title='bbox 1095 381 1274 423; x_wconf 86' lang='lat' dir='ltr'>favente</span> <span class='ocrx_word' id='word_1_21' title='bbox 1312 381 1528 423; x_wconf 74' lang='lat' dir='ltr'>missurus</span> <span class='ocrx_word' id='word_1_22' title='bbox 1565 398 1681 435; x_wconf 89' lang='lat' dir='ltr'>sum,</span> 
     </span>
     <span class='ocr_line' id='line_1_4' title="bbox 61 456 1683 513; baseline -0.001 -10"><span class='ocrx_word' id='word_1_23' title='bbox 61 459 328 503; x_wconf 87' lang='lat' dir='ltr'>Christianis</span> <span class='ocrx_word' id='word_1_24' title='bbox 350 458 612 502; x_wconf 88' lang='lat' dir='ltr'>imbuentur</span> <span class='ocrx_word' id='word_1_25' title='bbox 633 457 874 513; x_wconf 77' lang='lat' dir='ltr'>mysteriis.</span> <span class='ocrx_word' id='word_1_26' title='bbox 912 458 968 499; x_wconf 91' lang='lat' dir='ltr'>Et</span> <span class='ocrx_word' id='word_1_27' title='bbox 990 456 1201 511; x_wconf 85' lang='lat' dir='ltr'>quoniam</span> <span class='ocrx_word' id='word_1_28' title='bbox 1236 456 1377 498; x_wconf 86' lang='lat' dir='ltr'>nostri</span> <span class='ocrx_word' id='word_1_29' title='bbox 1406 458 1607 501; x_wconf 84' lang='lat' dir='ltr'>homines</span> <span class='ocrx_word' id='word_1_30' title='bbox 1639 459 1683 501; x_wconf 90' lang='lat' dir='ltr'>in</span> 
     </span>
     <span class='ocr_line' id='line_1_5' title="bbox 60 532 1683 591; baseline -0.001 -12"><span class='ocrx_word' id='word_1_31' title='bbox 60 536 184 580; x_wconf 85' lang='lat' dir='ltr'>India</span> <span class='ocrx_word' id='word_1_32' title='bbox 205 551 295 579; x_wconf 90' lang='lat' dir='ltr'>non</span> <span class='ocrx_word' id='word_1_33' title='bbox 324 535 546 591; x_wconf 82' lang='lat' dir='ltr'>Episcopo</span> <span class='ocrx_word' id='word_1_34' title='bbox 578 535 724 576; x_wconf 90' lang='lat' dir='ltr'>solum</span> <span class='ocrx_word' id='word_1_35' title='bbox 756 540 801 576; x_wconf 88' lang='lat' dir='ltr'>et</span> <span class='ocrx_word' id='word_1_36' title='bbox 832 533 1021 584; x_wconf 83' lang='lat' dir='ltr'>clericis,</span> <span class='ocrx_word' id='word_1_37' title='bbox 1048 547 1204 576; x_wconf 84' lang='lat' dir='ltr'>verum</span> <span class='ocrx_word' id='word_1_38' title='bbox 1242 532 1374 576; x_wconf 85' lang='lat' dir='ltr'>etiam</span> <span class='ocrx_word' id='word_1_39' title='bbox 1408 534 1683 587; x_wconf 82' lang='lat' dir='ltr'>Coenobitis,</span> 
     </span>
     <span class='ocr_line' id='line_1_6' title="bbox 59 608 1683 667; baseline -0.002 -12"><span class='ocrx_word' id='word_1_40' title='bbox 59 612 416 667; x_wconf 88' lang='lat' dir='ltr'>Christianisque</span> <span class='ocrx_word' id='word_1_41' title='bbox 439 610 647 654; x_wconf 88' lang='lat' dir='ltr'>omnibus</span> <span class='ocrx_word' id='word_1_42' title='bbox 670 609 851 666; x_wconf 86' lang='lat' dir='ltr'>pariter,</span> <span class='ocrx_word' id='word_1_43' title='bbox 876 616 921 652; x_wconf 90' lang='lat' dir='ltr'>et</span> <span class='ocrx_word' id='word_1_44' title='bbox 944 608 1147 652; x_wconf 89' lang='lat' dir='ltr'>Ethnicis</span> <span class='ocrx_word' id='word_1_45' title='bbox 1169 608 1260 651; x_wconf 87' lang='lat' dir='ltr'>cari</span> <span class='ocrx_word' id='word_1_46' title='bbox 1283 609 1544 664; x_wconf 75' lang='lat' dir='ltr'>acceptique</span> <span class='ocrx_word' id='word_1_47' title='bbox 1562 618 1683 663; x_wconf 78' lang='lat' dir='ltr'>sunt;</span> 
     </span>
     <span class='ocr_line' id='line_1_7' title="bbox 58 685 1689 746; baseline -0.002 -14"><span class='ocrx_word' id='word_1_48' title='bbox 58 704 269 746; x_wconf 84' lang='lat' dir='ltr'>magnam</span> <span class='ocrx_word' id='word_1_49' title='bbox 291 689 336 732; x_wconf 92' lang='lat' dir='ltr'>in</span> <span class='ocrx_word' id='word_1_50' title='bbox 359 703 484 745; x_wconf 89' lang='lat' dir='ltr'>spem</span> <span class='ocrx_word' id='word_1_51' title='bbox 506 687 736 744; x_wconf 84' lang='lat' dir='ltr'>ingredior</span> <span class='ocrx_word' id='word_1_52' title='bbox 760 687 855 730; x_wconf 89' lang='lat' dir='ltr'>fore</span> <span class='ocrx_word' id='word_1_53' title='bbox 879 694 929 729; x_wconf 91' lang='lat' dir='ltr'>ut</span> <span class='ocrx_word' id='word_1_54' title='bbox 950 686 1020 729; x_wconf 90' lang='lat' dir='ltr'>his</span> <span class='ocrx_word' id='word_1_55' title='bbox 1042 685 1152 729; x_wconf 90' lang='lat' dir='ltr'>locis</span> <span class='ocrx_word' id='word_1_56' title='bbox 1173 686 1310 741; x_wconf 83' lang='lat' dir='ltr'>longe</span> <span class='ocrx_word' id='word_1_57' title='bbox 1332 686 1510 740; x_wconf 84' lang='lat' dir='ltr'>lateque</span> <span class='ocrx_word' id='word_1_58' title='bbox 1533 686 1689 730; x_wconf 51' lang='lat' dir='ltr'>Socie-¹</span> 
     </span>
     <span class='ocr_line' id='line_1_8' title="bbox 59 772 442 823; baseline -0.005 -13"><span class='ocrx_word' id='word_1_59' title='bbox 59 775 127 811; x_wconf 87' lang='lat' dir='ltr'>tas</span> <span class='ocrx_word' id='word_1_60' title='bbox 148 772 442 823; x_wconf 82' lang='lat' dir='ltr'>propagetur.</span> 
     </span>
    </p>

    <p class='ocr_par' dir='ltr' id='par_1_4' title="bbox 57 839 1687 1280">
     <span class='ocr_line' id='line_1_9' title="bbox 147 839 1686 899; baseline -0.005 -12"><span class='ocrx_word' id='word_1_61' title='bbox 147 856 217 887; x_wconf 87' lang='lat'>22.</span> <span class='ocrx_word' id='word_1_62' title='bbox 284 844 454 899; x_wconf 76' lang='lat' dir='ltr'>Quare,</span> <span class='ocrx_word' id='word_1_63' title='bbox 481 841 639 886; x_wconf 91' lang='lat' dir='ltr'>Simon</span> <span class='ocrx_word' id='word_1_64' title='bbox 663 841 799 884; x_wconf 87' lang='lat' dir='ltr'>frater</span> <span class='ocrx_word' id='word_1_65' title='bbox 831 839 1106 892; x_wconf 85' lang='lat' dir='ltr'>charissime,</span> <span class='ocrx_word' id='word_1_66' title='bbox 1143 840 1200 881; x_wconf 86' lang='lat' dir='ltr'>da</span> <span class='ocrx_word' id='word_1_67' title='bbox 1233 854 1414 894; x_wconf 84' lang='lat' dir='ltr'>operam</span> <span class='ocrx_word' id='word_1_68' title='bbox 1450 846 1497 881; x_wconf 90' lang='lat' dir='ltr'>ut</span> <span class='ocrx_word' id='word_1_69' title='bbox 1535 854 1686 894; x_wconf 86' lang='lat' dir='ltr'>quam-</span> 
     </span>
     <span class='ocr_line' id='line_1_10' title="bbox 58 915 1687 977; baseline -0.004 -13"><span class='ocrx_word' id='word_1_70' title='bbox 58 921 248 977; x_wconf 90' lang='lat' dir='ltr'>primum</span> <span class='ocrx_word' id='word_1_71' title='bbox 270 922 361 962; x_wconf 91' lang='lat' dir='ltr'>huc</span> <span class='ocrx_word' id='word_1_72' title='bbox 384 918 577 975; x_wconf 86' lang='lat' dir='ltr'>trajicias</span> <span class='ocrx_word' id='word_1_73' title='bbox 594 932 696 961; x_wconf 89' lang='lat' dir='ltr'>cum</span> <span class='ocrx_word' id='word_1_74' title='bbox 715 917 893 973; x_wconf 85' lang='lat' dir='ltr'>magnis</span> <span class='ocrx_word' id='word_1_75' title='bbox 910 916 1134 959; x_wconf 87' lang='lat' dir='ltr'>sociorum</span> <span class='ocrx_word' id='word_1_76' title='bbox 1152 915 1309 971; x_wconf 89' lang='lat' dir='ltr'>copiis,</span> <span class='ocrx_word' id='word_1_77' title='bbox 1330 915 1490 971; x_wconf 88' lang='lat' dir='ltr'>partim</span> <span class='ocrx_word' id='word_1_78' title='bbox 1508 915 1687 958; x_wconf 87' lang='lat' dir='ltr'>concio-</span> 
     </span>
     <span class='ocr_line' id='line_1_11' title="bbox 57 993 1687 1053; baseline -0.004 -12"><span class='ocrx_word' id='word_1_79' title='bbox 57 1005 280 1050; x_wconf 88' lang='lat' dir='ltr'>natorum,</span> <span class='ocrx_word' id='word_1_80' title='bbox 306 996 468 1053; x_wconf 88' lang='lat' dir='ltr'>partim</span> <span class='ocrx_word' id='word_1_81' title='bbox 490 995 625 1040; x_wconf 87' lang='lat' dir='ltr'>etiam</span> <span class='ocrx_word' id='word_1_82' title='bbox 656 994 861 1038; x_wconf 87' lang='lat' dir='ltr'>aliorum.</span> <span class='ocrx_word' id='word_1_83' title='bbox 899 995 1052 1038; x_wconf 92' lang='lat' dir='ltr'>Unum</span> <span class='ocrx_word' id='word_1_84' title='bbox 1086 1007 1212 1045; x_wconf 90' lang='lat' dir='ltr'>cave,</span> <span class='ocrx_word' id='word_1_85' title='bbox 1240 1008 1297 1037; x_wconf 92' lang='lat' dir='ltr'>ne</span> <span class='ocrx_word' id='word_1_86' title='bbox 1329 993 1687 1036; x_wconf 89' lang='lat' dir='ltr'>adolescentulos</span> 
     </span>
     <span class='ocr_line' id='line_1_12' title="bbox 59 1068 1682 1131; baseline -0.004 -14"><span class='ocrx_word' id='word_1_87' title='bbox 59 1075 297 1131; x_wconf 88' lang='lat' dir='ltr'>plerosque</span> <span class='ocrx_word' id='word_1_88' title='bbox 325 1074 539 1126; x_wconf 87' lang='lat' dir='ltr'>deducas,</span> <span class='ocrx_word' id='word_1_89' title='bbox 578 1071 652 1115; x_wconf 95' lang='lat' dir='ltr'>hic</span> <span class='ocrx_word' id='word_1_90' title='bbox 688 1070 807 1116; x_wconf 91' lang='lat' dir='ltr'>enim</span> <span class='ocrx_word' id='word_1_91' title='bbox 829 1071 1022 1126; x_wconf 90' lang='lat' dir='ltr'>majores</span> <span class='ocrx_word' id='word_1_92' title='bbox 1060 1068 1246 1125; x_wconf 85' lang='lat' dir='ltr'>triginta</span> <span class='ocrx_word' id='word_1_93' title='bbox 1281 1068 1411 1111; x_wconf 88' lang='lat' dir='ltr'>annis</span> <span class='ocrx_word' id='word_1_94' title='bbox 1448 1083 1590 1124; x_wconf 87' lang='lat' dir='ltr'>usque</span> <span class='ocrx_word' id='word_1_95' title='bbox 1627 1069 1682 1111; x_wconf 88' lang='lat' dir='ltr'>ad</span> 
     </span>
     <span class='ocr_line' id='line_1_13' title="bbox 60 1144 1684 1207; baseline -0.004 -12"><span class='ocrx_word' id='word_1_96' title='bbox 60 1150 359 1207; x_wconf 86' lang='lat' dir='ltr'>quadraginta</span> <span class='ocrx_word' id='word_1_97' title='bbox 386 1149 710 1201; x_wconf 88' lang='lat' dir='ltr'>desideramus,</span> <span class='ocrx_word' id='word_1_98' title='bbox 749 1148 1023 1201; x_wconf 89' lang='lat' dir='ltr'>eosdemque</span> <span class='ocrx_word' id='word_1_99' title='bbox 1058 1160 1162 1189; x_wconf 90' lang='lat' dir='ltr'>cum</span> <span class='ocrx_word' id='word_1_100' title='bbox 1200 1145 1390 1189; x_wconf 87' lang='lat' dir='ltr'>coeteris</span> <span class='ocrx_word' id='word_1_101' title='bbox 1424 1144 1684 1197; x_wconf 89' lang='lat' dir='ltr'>virtutibus,</span> 
     </span>
     <span class='ocr_line' id='line_1_14' title="bbox 61 1221 1683 1280; baseline -0.005 -9"><span class='ocrx_word' id='word_1_102' title='bbox 61 1235 156 1271; x_wconf 90' lang='lat' dir='ltr'>tum</span> <span class='ocrx_word' id='word_1_103' title='bbox 183 1242 292 1272; x_wconf 90' lang='lat' dir='ltr'>vero</span> <span class='ocrx_word' id='word_1_104' title='bbox 318 1226 587 1278; x_wconf 88' lang='lat' dir='ltr'>humilitate,</span> <span class='ocrx_word' id='word_1_105' title='bbox 618 1224 983 1277; x_wconf 89' lang='lat' dir='ltr'>mansuetudine,</span> <span class='ocrx_word' id='word_1_106' title='bbox 1017 1223 1249 1280; x_wconf 87' lang='lat' dir='ltr'>patientia,</span> <span class='ocrx_word' id='word_1_107' title='bbox 1275 1230 1320 1265; x_wconf 93' lang='lat' dir='ltr'>et</span> <span class='ocrx_word' id='word_1_108' title='bbox 1352 1222 1521 1266; x_wconf 79' lang='lat' dir='ltr'>scilicet</span> <span class='ocrx_word' id='word_1_109' title='bbox 1553 1221 1683 1264; x_wconf 88' lang='lat' dir='ltr'>casti-</span> 
     </span>
    </p>
   </div>
   <div class='ocr_carea' id='block_1_4' title="bbox 0 1299 1688 1353">
    <p class='ocr_par' dir='ltr' id='par_1_5' title="bbox 0 1299 1688 1353">
     <span class='ocr_line' id='line_1_15' title="bbox 0 1299 1688 1353; baseline -0.004 -6"><span class='ocrx_word' id='word_1_110' title='bbox 0 1338 1 1347; x_wconf 65' lang='grc'>,</span> <span class='ocrx_word' id='word_1_111' title='bbox 59 1304 209 1348; x_wconf 92' lang='lat' dir='ltr'>monia</span> <span class='ocrx_word' id='word_1_112' title='bbox 229 1314 428 1348; x_wconf 87' lang='lat' dir='ltr'>ornatos.</span> <span class='ocrx_word' id='word_1_113' title='bbox 454 1306 608 1347; x_wconf 91' lang='lat' dir='ltr'>Meum</span> <span class='ocrx_word' id='word_1_114' title='bbox 630 1304 717 1346; x_wconf 93' lang='lat' dir='ltr'>hoc</span> <span class='ocrx_word' id='word_1_115' title='bbox 738 1301 898 1345; x_wconf 90' lang='lat' dir='ltr'>vitium</span> <span class='ocrx_word' id='word_1_116' title='bbox 930 1308 1015 1353; x_wconf 89' lang='lat' dir='ltr'>est,</span> <span class='ocrx_word' id='word_1_117' title='bbox 1042 1308 1092 1343; x_wconf 92' lang='lat' dir='ltr'>ut</span> <span class='ocrx_word' id='word_1_118' title='bbox 1125 1301 1182 1343; x_wconf 87' lang='lat' dir='ltr'>ad</span> <span class='ocrx_word' id='word_1_119' title='bbox 1205 1307 1249 1342; x_wconf 93' lang='lat' dir='ltr'>te</span> <span class='ocrx_word' id='word_1_120' title='bbox 1281 1299 1483 1342; x_wconf 88' lang='lat' dir='ltr'>scribens</span> <span class='ocrx_word' id='word_1_121' title='bbox 1515 1299 1688 1341; x_wconf 91' lang='lat' dir='ltr'>nullum</span> 
     </span>
    </p>
   </div>
   <div class='ocr_carea' id='block_1_5' title="bbox 0 0 38 3510">
    <p class='ocr_par' dir='ltr' id='par_1_6' title="bbox 0 0 38 3510">
     <span class='ocr_line' id='line_1_16' title="bbox 0 0 38 3510; baseline 0 0"><span class='ocrx_word' id='word_1_122' title='bbox 0 0 38 3510; x_wconf 95' lang='lat' dir='ltr'> </span> 
     </span>
    </p>
   </div>
   <div class='ocr_carea' id='block_1_6' title="bbox 57 1378 1689 2040">
    <p class='ocr_par' dir='ltr' id='par_1_7' title="bbox 57 1378 1689 2040">
     <span class='ocr_line' id='line_1_17' title="bbox 57 1378 1687 1435; baseline -0.005 -10"><span class='ocrx_word' id='word_1_123' title='bbox 57 1381 282 1425; x_wconf 90' lang='lat' dir='ltr'>inveniam</span> <span class='ocrx_word' id='word_1_124' title='bbox 305 1382 457 1424; x_wconf 90' lang='lat' dir='ltr'>finem.</span> <span class='ocrx_word' id='word_1_125' title='bbox 484 1381 566 1424; x_wconf 87' lang='lat' dir='ltr'>Vel</span> <span class='ocrx_word' id='word_1_126' title='bbox 591 1379 696 1423; x_wconf 90' lang='lat' dir='ltr'>hinc</span> <span class='ocrx_word' id='word_1_127' title='bbox 719 1378 974 1435; x_wconf 84' lang='lat' dir='ltr'>intelligere</span> <span class='ocrx_word' id='word_1_128' title='bbox 996 1385 1124 1434; x_wconf 89' lang='lat' dir='ltr'>potes</span> <span class='ocrx_word' id='word_1_129' title='bbox 1147 1383 1367 1433; x_wconf 90' lang='lat' dir='ltr'>quantum</span> <span class='ocrx_word' id='word_1_130' title='bbox 1389 1390 1445 1418; x_wconf 85' lang='lat' dir='ltr'>ex</span> <span class='ocrx_word' id='word_1_131' title='bbox 1467 1390 1519 1418; x_wconf 87' lang='lat' dir='ltr'>ea</span> <span class='ocrx_word' id='word_1_132' title='bbox 1542 1390 1590 1419; x_wconf 91' lang='lat' dir='ltr'>re</span> <span class='ocrx_word' id='word_1_133' title='bbox 1611 1389 1687 1417; x_wconf 86' lang='lat' dir='ltr'>ca-</span> 
     </span>
     <span class='ocr_line' id='line_1_18' title="bbox 59 1450 1689 1515; baseline -0.006 -13"><span class='ocrx_word' id='word_1_134' title='bbox 59 1459 174 1515; x_wconf 89' lang='lat' dir='ltr'>piam</span> <span class='ocrx_word' id='word_1_135' title='bbox 195 1458 456 1515; x_wconf 86' lang='lat' dir='ltr'>voluptatis,</span> <span class='ocrx_word' id='word_1_136' title='bbox 482 1457 745 1514; x_wconf 88' lang='lat' dir='ltr'>praesertim</span> <span class='ocrx_word' id='word_1_137' title='bbox 767 1471 876 1500; x_wconf 91' lang='lat' dir='ltr'>vero</span> <span class='ocrx_word' id='word_1_138' title='bbox 899 1470 1002 1499; x_wconf 90' lang='lat' dir='ltr'>cum</span> <span class='ocrx_word' id='word_1_139' title='bbox 1035 1455 1092 1497; x_wconf 91' lang='lat' dir='ltr'>ad</span> <span class='ocrx_word' id='word_1_140' title='bbox 1114 1453 1402 1498; x_wconf 90' lang='lat' dir='ltr'>scribendum</span> <span class='ocrx_word' id='word_1_141' title='bbox 1427 1467 1498 1496; x_wconf 90' lang='lat' dir='ltr'>me</span> <span class='ocrx_word' id='word_1_142' title='bbox 1520 1450 1689 1494; x_wconf 87' lang='lat' dir='ltr'>contuli</span> 
     </span>
     <span class='ocr_line' id='line_1_19' title="bbox 60 1529 1688 1592; baseline -0.006 -13"><span class='ocrx_word' id='word_1_143' title='bbox 60 1535 148 1579; x_wconf 87' lang='lat' dir='ltr'>tuis</span> <span class='ocrx_word' id='word_1_144' title='bbox 169 1535 310 1580; x_wconf 89' lang='lat' dir='ltr'>literis</span> <span class='ocrx_word' id='word_1_145' title='bbox 341 1542 628 1592; x_wconf 85' lang='lat' dir='ltr'>provocatus.</span> <span class='ocrx_word' id='word_1_146' title='bbox 660 1536 818 1590; x_wconf 90' lang='lat' dir='ltr'>Itaque</span> <span class='ocrx_word' id='word_1_147' title='bbox 845 1532 1071 1577; x_wconf 88' lang='lat' dir='ltr'>scribendi</span> <span class='ocrx_word' id='word_1_148' title='bbox 1102 1532 1238 1574; x_wconf 90' lang='lat' dir='ltr'>finem</span> <span class='ocrx_word' id='word_1_149' title='bbox 1272 1529 1402 1583; x_wconf 89' lang='lat' dir='ltr'>facio,</span> <span class='ocrx_word' id='word_1_150' title='bbox 1437 1529 1521 1574; x_wconf 86' lang='lat' dir='ltr'>etsi</span> <span class='ocrx_word' id='word_1_151' title='bbox 1553 1529 1688 1571; x_wconf 88' lang='lat' dir='ltr'>finem</span> 
     </span>
     <span class='ocr_line' id='line_1_20' title="bbox 60 1604 1683 1669; baseline -0.006 -14"><span class='ocrx_word' id='word_1_152' title='bbox 60 1612 254 1669; x_wconf 87' lang='lat' dir='ltr'>reperire</span> <span class='ocrx_word' id='word_1_153' title='bbox 275 1627 468 1668; x_wconf 89' lang='lat' dir='ltr'>nequeo:</span> <span class='ocrx_word' id='word_1_154' title='bbox 494 1612 672 1655; x_wconf 89' lang='lat' dir='ltr'>confido</span> <span class='ocrx_word' id='word_1_155' title='bbox 694 1618 847 1655; x_wconf 80' lang='lat' dir='ltr'>autem</span> <span class='ocrx_word' id='word_1_156' title='bbox 871 1611 966 1655; x_wconf 88' lang='lat' dir='ltr'>fore</span> <span class='ocrx_word' id='word_1_157' title='bbox 987 1608 1229 1664; x_wconf 87' lang='lat' dir='ltr'>aliquando</span> <span class='ocrx_word' id='word_1_158' title='bbox 1250 1622 1332 1650; x_wconf 91' lang='lat' dir='ltr'>nos</span> <span class='ocrx_word' id='word_1_159' title='bbox 1360 1613 1438 1649; x_wconf 90' lang='lat' dir='ltr'>aut</span> <span class='ocrx_word' id='word_1_160' title='bbox 1469 1606 1515 1648; x_wconf 92' lang='lat' dir='ltr'>in</span> <span class='ocrx_word' id='word_1_161' title='bbox 1546 1604 1683 1656; x_wconf 87' lang='lat' dir='ltr'>Sinis,</span> 
     </span>
     <span class='ocr_line' id='line_1_21' title="bbox 61 1680 1685 1747; baseline -0.006 -15"><span class='ocrx_word' id='word_1_162' title='bbox 61 1697 138 1733; x_wconf 87' lang='lat' dir='ltr'>aut</span> <span class='ocrx_word' id='word_1_163' title='bbox 158 1689 203 1732; x_wconf 90' lang='lat' dir='ltr'>in</span> <span class='ocrx_word' id='word_1_164' title='bbox 221 1688 426 1747; x_wconf 89' lang='lat' dir='ltr'>Japonia,</span> <span class='ocrx_word' id='word_1_165' title='bbox 453 1696 531 1732; x_wconf 88' lang='lat' dir='ltr'>aut</span> <span class='ocrx_word' id='word_1_166' title='bbox 558 1696 681 1733; x_wconf 89' lang='lat' dir='ltr'>certe</span> <span class='ocrx_word' id='word_1_167' title='bbox 702 1687 748 1730; x_wconf 90' lang='lat' dir='ltr'>in</span> <span class='ocrx_word' id='word_1_168' title='bbox 771 1688 896 1732; x_wconf 91' lang='lat' dir='ltr'>coelo</span> <span class='ocrx_word' id='word_1_169' title='bbox 919 1686 1184 1738; x_wconf 82' lang='lat' dir='ltr'>revisamus3</span> <span class='ocrx_word' id='word_1_170' title='bbox 1217 1683 1310 1736; x_wconf 91' lang='lat' dir='ltr'>ubi,</span> <span class='ocrx_word' id='word_1_171' title='bbox 1342 1691 1392 1726; x_wconf 92' lang='lat' dir='ltr'>ut</span> <span class='ocrx_word' id='word_1_172' title='bbox 1420 1696 1566 1739; x_wconf 90' lang='lat' dir='ltr'>spero,</span> <span class='ocrx_word' id='word_1_173' title='bbox 1591 1680 1685 1723; x_wconf 91' lang='lat' dir='ltr'>sin-</span> 
     </span>
     <span class='ocr_line' id='line_1_22' title="bbox 62 1760 1683 1823; baseline -0.006 -14"><span class='ocrx_word' id='word_1_174' title='bbox 62 1766 207 1823; x_wconf 85' lang='lat' dir='ltr'>gulari</span> <span class='ocrx_word' id='word_1_175' title='bbox 229 1766 315 1810; x_wconf 91' lang='lat' dir='ltr'>Dei</span> <span class='ocrx_word' id='word_1_176' title='bbox 336 1765 557 1810; x_wconf 90' lang='lat' dir='ltr'>beneficio</span> <span class='ocrx_word' id='word_1_177' title='bbox 579 1780 632 1809; x_wconf 90' lang='lat' dir='ltr'>ac</span> <span class='ocrx_word' id='word_1_178' title='bbox 653 1779 840 1810; x_wconf 83' lang='lat' dir='ltr'>munere</span> <span class='ocrx_word' id='word_1_179' title='bbox 862 1763 910 1806; x_wconf 93' lang='lat' dir='ltr'>in</span> <span class='ocrx_word' id='word_1_180' title='bbox 931 1761 1143 1807; x_wconf 87' lang='lat' dir='ltr'>coelestis</span> <span class='ocrx_word' id='word_1_181' title='bbox 1165 1760 1295 1817; x_wconf 85' lang='lat' dir='ltr'>regni</span> <span class='ocrx_word' id='word_1_182' title='bbox 1318 1760 1576 1804; x_wconf 84' lang='lat' dir='ltr'>societatem</span> <span class='ocrx_word' id='word_1_183' title='bbox 1606 1772 1683 1813; x_wconf 87' lang='lat' dir='ltr'>pa-</span> 
     </span>
     <span class='ocr_line' id='line_1_23' title="bbox 62 1832 1685 1898; baseline -0.007 -13"><span class='ocrx_word' id='word_1_184' title='bbox 62 1842 167 1887; x_wconf 88' lang='lat' dir='ltr'>riter</span> <span class='ocrx_word' id='word_1_185' title='bbox 188 1842 352 1895; x_wconf 89' lang='lat' dir='ltr'>vocati,</span> <span class='ocrx_word' id='word_1_186' title='bbox 376 1844 476 1886; x_wconf 93' lang='lat' dir='ltr'>Deo</span> <span class='ocrx_word' id='word_1_187' title='bbox 497 1841 685 1898; x_wconf 90' lang='lat' dir='ltr'>perenni</span> <span class='ocrx_word' id='word_1_188' title='bbox 706 1842 928 1884; x_wconf 91' lang='lat' dir='ltr'>bonorum</span> <span class='ocrx_word' id='word_1_189' title='bbox 951 1838 1150 1883; x_wconf 89' lang='lat' dir='ltr'>omnium</span> <span class='ocrx_word' id='word_1_190' title='bbox 1175 1837 1298 1881; x_wconf 90' lang='lat' dir='ltr'>fonte</span> <span class='ocrx_word' id='word_1_191' title='bbox 1329 1836 1608 1893; x_wconf 90' lang='lat' dir='ltr'>perfruemur</span> <span class='ocrx_word' id='word_1_192' title='bbox 1640 1832 1685 1875; x_wconf 89' lang='lat' dir='ltr'>in</span> 
     </span>
     <span class='ocr_line' id='line_1_24' title="bbox 60 1919 779 1964; baseline 0 -2"><span class='ocrx_word' id='word_1_193' title='bbox 60 1934 238 1963; x_wconf 90' lang='lat' dir='ltr'>omnem</span> <span class='ocrx_word' id='word_1_194' title='bbox 259 1919 587 1964; x_wconf 88' lang='lat' dir='ltr'>aeternitatem.</span> <span class='ocrx_word' id='word_1_195' title='bbox 613 1919 779 1963; x_wconf 86' lang='lat' dir='ltr'>Amen.</span> 
     </span>
     <span class='ocr_line' id='line_1_25' title="bbox 146 1994 909 2040; baseline -0.004 0"><span class='ocrx_word' id='word_1_196' title='bbox 146 1997 208 2040; x_wconf 92' lang='lat' dir='ltr'>VI</span> <span class='ocrx_word' id='word_1_197' title='bbox 230 1998 385 2040; x_wconf 89' lang='lat' dir='ltr'>Nonas</span> <span class='ocrx_word' id='word_1_198' title='bbox 406 1995 691 2039; x_wconf 86' lang='lat' dir='ltr'>Februarias.</span> <span class='ocrx_word' id='word_1_199' title='bbox 718 1994 909 2039; x_wconf 84' lang='lat' dir='ltr'>Cocino.</span> 
     </span>
    </p>
   </div>
   <div class='ocr_carea' id='block_1_7' title="bbox 261 2199 1482 2343">
    <p class='ocr_par' dir='ltr' id='par_1_8' title="bbox 261 2199 1482 2343">
     <span class='ocr_line' id='line_1_26' title="bbox 837 2199 910 2240; baseline 0.014 -1"><span class='ocrx_word' id='word_1_200' title='bbox 837 2199 910 2240; x_wconf 68' lang='lat'>74</span> 
     </span>
     <span class='ocr_line' id='line_1_27' title="bbox 261 2286 1482 2343; baseline -0.006 -9"><span class='ocrx_word' id='word_1_201' title='bbox 261 2293 312 2334; x_wconf 90' lang='grc' dir='ltr'>Ρ.</span> <span class='ocrx_word' id='word_1_202' title='bbox 348 2291 563 2336; x_wconf 88' lang='lat' dir='ltr'>SIMONI</span> <span class='ocrx_word' id='word_1_203' title='bbox 595 2291 969 2343; x_wconf 89' lang='lat' dir='ltr'>RODRIGUES,</span> <span class='ocrx_word' id='word_1_204' title='bbox 1005 2290 1067 2333; x_wconf 95' lang='lat' dir='ltr'>IN</span> <span class='ocrx_word' id='word_1_205' title='bbox 1101 2286 1482 2333; x_wconf 87' lang='lat' dir='ltr'><strong>LUSITANIAM</strong></span> 
     </span>
    </p>
   </div>
   <div class='ocr_carea' id='block_1_8' title="bbox 543 2384 1207 2443">
    <p class='ocr_par' dir='ltr' id='par_1_9' title="bbox 543 2384 1207 2443">
     <span class='ocr_line' id='line_1_28' title="bbox 543 2384 1207 2443; baseline -0.005 -14"><span class='ocrx_word' id='word_1_206' title='bbox 543 2385 716 2430; x_wconf 91' lang='lat' dir='ltr'>Cocino</span> <span class='ocrx_word' id='word_1_207' title='bbox 738 2395 792 2440; x_wconf 89' lang='lat'>25</span> <span class='ocrx_word' id='word_1_208' title='bbox 811 2384 1015 2443; x_wconf 85' lang='lat' dir='ltr'>Januarii</span> <span class='ocrx_word' id='word_1_209' title='bbox 1043 2394 1154 2441; x_wconf 81' lang='lat'>1549</span> <span class='ocrx_word' id='word_1_210' title='bbox 1182 2384 1207 2426; x_wconf 88' lang='lat'>¹.</span> 
     </span>
    </p>
   </div>
   <div class='ocr_carea' id='block_1_9' title="bbox 0 2472 1690 2645">
    <p class='ocr_par' dir='ltr' id='par_1_10' title="bbox 0 2472 1690 2645">
     <span class='ocr_line' id='line_1_29' title="bbox 0 2472 1690 2527; baseline -0.005 -13"><span class='ocrx_word' id='word_1_211' title='bbox 0 2519 2 2527; x_wconf 25' lang='grc' dir='ltr'><strong><em>γ</em></strong></span> <span class='ocrx_word' id='word_1_212' title='bbox 68 2478 305 2516; x_wconf 82' lang='lat' dir='ltr'>Lusitanum</span> <span class='ocrx_word' id='word_1_213' title='bbox 323 2481 460 2516; x_wconf 83' lang='lat' dir='ltr'>virum</span> <span class='ocrx_word' id='word_1_214' title='bbox 478 2481 743 2525; x_wconf 84' lang='lat' dir='ltr'>commendat,</span> <span class='ocrx_word' id='word_1_215' title='bbox 761 2479 828 2515; x_wconf 89' lang='lat' dir='ltr'>cui</span> <span class='ocrx_word' id='word_1_216' title='bbox 839 2478 1169 2526; x_wconf 77' lang='lat' dir='ltr'>persuadendum</span> <span class='ocrx_word' id='word_1_217' title='bbox 1194 2478 1320 2511; x_wconf 77' lang='lat' dir='ltr'>censet</span> <span class='ocrx_word' id='word_1_218' title='bbox 1345 2477 1387 2510; x_wconf 84' lang='lat' dir='ltr'>ut</span> <span class='ocrx_word' id='word_1_219' title='bbox 1400 2474 1573 2509; x_wconf 83' lang='lat' dir='ltr'>balteum</span> <span class='ocrx_word' id='word_1_220' title='bbox 1596 2472 1690 2507; x_wconf 85' lang='lat' dir='ltr'>reli-</span> 
     </span>
     <span class='ocr_line' id='line_1_30' title="bbox 129 2531 1688 2586; baseline -0.006 -12"><span class='ocrx_word' id='word_1_221' title='bbox 129 2539 255 2586; x_wconf 87' lang='lat' dir='ltr'>giosis</span> <span class='ocrx_word' id='word_1_222' title='bbox 271 2540 442 2575; x_wconf 82' lang='lat' dir='ltr'>vestibus</span> <span class='ocrx_word' id='word_1_223' title='bbox 458 2537 895 2574; x_wconf 83' lang='lat' dir='ltr'>commutet.—Multos</span> <span class='ocrx_word' id='word_1_224' title='bbox 925 2538 1078 2573; x_wconf 84' lang='lat' dir='ltr'>labores</span> <span class='ocrx_word' id='word_1_225' title='bbox 1090 2536 1183 2583; x_wconf 79' lang='lat' dir='ltr'>pati</span> <span class='ocrx_word' id='word_1_226' title='bbox 1199 2535 1323 2570; x_wconf 82' lang='lat' dir='ltr'>solius</span> <span class='ocrx_word' id='word_1_227' title='bbox 1342 2533 1420 2569; x_wconf 82' lang='lat' dir='ltr'>Dei</span> <span class='ocrx_word' id='word_1_228' title='bbox 1437 2543 1573 2568; x_wconf 87' lang='lat' dir='ltr'>amore</span> <span class='ocrx_word' id='word_1_229' title='bbox 1597 2533 1633 2566; x_wconf 81' lang='lat' dir='ltr'>et</span> <span class='ocrx_word' id='word_1_230' title='bbox 1651 2531 1688 2565; x_wconf 79' lang='lat' dir='ltr'>ei</span> 
     </span>
     <span class='ocr_line' id='line_1_31' title="bbox 131 2598 1088 2645; baseline -0.003 -11"><span class='ocrx_word' id='word_1_231' title='bbox 131 2600 333 2635; x_wconf 79' lang='lat' dir='ltr'>serviendi</span> <span class='ocrx_word' id='word_1_232' title='bbox 350 2599 562 2640; x_wconf 85' lang='lat' dir='ltr'>desiderio,</span> <span class='ocrx_word' id='word_1_233' title='bbox 582 2610 704 2645; x_wconf 85' lang='lat' dir='ltr'>quam</span> <span class='ocrx_word' id='word_1_234' title='bbox 721 2598 898 2633; x_wconf 86' lang='lat' dir='ltr'>maxime</span> <span class='ocrx_word' id='word_1_235' title='bbox 915 2599 1088 2644; x_wconf 77' lang='lat' dir='ltr'>exoptat.</span> 
     </span>
    </p>
   </div>
   <div class='ocr_carea' id='block_1_10' title="bbox 0 2682 1689 2821">
    <p class='ocr_par' dir='ltr' id='par_1_11' title="bbox 0 2682 1689 2821">
     <span class='ocr_line' id='line_1_32' title="bbox 0 2682 1689 2747; baseline -0.007 -15"><span class='ocrx_word' id='word_1_236' title='bbox 0 2744 1 2747; x_wconf 7' lang='grc' dir='ltr'><strong>Ἰ</strong></span> <span class='ocrx_word' id='word_1_237' title='bbox 149 2688 216 2731; x_wconf 90' lang='lat' dir='ltr'>La</span> <span class='ocrx_word' id='word_1_238' title='bbox 236 2687 390 2745; x_wconf 84' lang='lat' dir='ltr'>gracia</span> <span class='ocrx_word' id='word_1_239' title='bbox 411 2703 441 2744; x_wconf 93' lang='lat' dir='ltr'><strong>y</strong></span> <span class='ocrx_word' id='word_1_240' title='bbox 463 2703 589 2731; x_wconf 88' lang='lat' dir='ltr'>amor</span> <span class='ocrx_word' id='word_1_241' title='bbox 610 2688 668 2732; x_wconf 90' lang='lat' dir='ltr'>de</span> <span class='ocrx_word' id='word_1_242' title='bbox 689 2689 768 2731; x_wconf 87' lang='lat' dir='ltr'>X.⁰</span> <span class='ocrx_word' id='word_1_243' title='bbox 791 2693 978 2730; x_wconf 89' lang='lat' dir='ltr'>nuestro</span> <span class='ocrx_word' id='word_1_244' title='bbox 1000 2686 1148 2730; x_wconf 80' lang='lat' dir='ltr'>Sefior</span> <span class='ocrx_word' id='word_1_245' title='bbox 1170 2698 1247 2728; x_wconf 85' lang='lat' dir='ltr'>sea</span> <span class='ocrx_word' id='word_1_246' title='bbox 1268 2682 1459 2738; x_wconf 87' lang='lat' dir='ltr'>siempre</span> <span class='ocrx_word' id='word_1_247' title='bbox 1476 2695 1533 2724; x_wconf 90' lang='lat' dir='ltr'>en</span> <span class='ocrx_word' id='word_1_248' title='bbox 1551 2693 1689 2724; x_wconf 85' lang='lat' dir='ltr'>nues-</span> 
     </span>
     <span class='ocr_line' id='line_1_33' title="bbox 0 2765 748 2821; baseline 0 -15"><span class='ocrx_word' id='word_1_249' title='bbox 0 2772 3 2814; x_wconf 69' lang='grc' dir='ltr'><em>ζ</em></span> <span class='ocrx_word' id='word_1_250' title='bbox 65 2767 132 2807; x_wconf 87' lang='lat' dir='ltr'>tra</span> <span class='ocrx_word' id='word_1_251' title='bbox 151 2765 298 2820; x_wconf 88' lang='lat' dir='ltr'>ayuda</span> <span class='ocrx_word' id='word_1_252' title='bbox 318 2780 348 2821; x_wconf 91' lang='lat' dir='ltr'>y</span> <span class='ocrx_word' id='word_1_253' title='bbox 371 2765 499 2808; x_wconf 82' lang='lat' dir='ltr'>fauor</span> <span class='ocrx_word' id='word_1_254' title='bbox 524 2771 561 2808; x_wconf 75' lang='lat'>².</span> <span class='ocrx_word' id='word_1_255' title='bbox 587 2766 748 2808; x_wconf 78' lang='lat' dir='ltr'>Amen.</span> 
     </span>
    </p>
   </div>
   <div class='ocr_carea' id='block_1_11' title="bbox 135 2888 695 2936">
    <p class='ocr_par' dir='ltr' id='par_1_12' title="bbox 135 2888 695 2936">
     <span class='ocr_line' id='line_1_34' title="bbox 135 2888 695 2936; baseline 0 -12"><span class='ocrx_word' id='word_1_256' title='bbox 135 2894 156 2916; x_wconf 71' lang='lat'>²</span> <span class='ocrx_word' id='word_1_257' title='bbox 203 2889 328 2925; x_wconf 88' lang='lat' dir='ltr'>Deest</span> <span class='ocrx_word' id='word_1_258' title='bbox 346 2901 394 2936; x_wconf 89' lang='lat' dir='ltr'>«y</span> <span class='ocrx_word' id='word_1_259' title='bbox 413 2888 546 2925; x_wconf 84' lang='lat' dir='ltr'>fauor»</span> <span class='ocrx_word' id='word_1_260' title='bbox 565 2889 606 2924; x_wconf 89' lang='lat' dir='ltr'>in</span> <span class='ocrx_word' id='word_1_261' title='bbox 627 2889 695 2925; x_wconf 76' lang='lat' dir='ltr'>Co.</span> 
     </span>
    </p>
   </div>
   <div class='ocr_carea' id='block_1_12' title="bbox 141 2998 1686 3057">
    <p class='ocr_par' dir='ltr' id='par_1_13' title="bbox 141 2998 1686 3057">
     <span class='ocr_line' id='line_1_35' title="bbox 141 2998 1686 3057; baseline -0.008 -12"><span class='ocrx_word' id='word_1_262' title='bbox 141 3009 152 3030; x_wconf 82' lang='lat'>¹</span> <span class='ocrx_word' id='word_1_263' title='bbox 201 3009 260 3044; x_wconf 82' lang='lat' dir='ltr'>Ex</span> <span class='ocrx_word' id='word_1_264' title='bbox 276 3010 361 3045; x_wconf 84' lang='lat' dir='ltr'>cod.</span> <span class='ocrx_word' id='word_1_265' title='bbox 387 3009 558 3057; x_wconf 77' lang='lat' dir='ltr'>Ulyssip.</span> <span class='ocrx_word' id='word_1_266' title='bbox 578 3011 739 3057; x_wconf 68' lang='lat' dir='ltr'>apogr„</span> <span class='ocrx_word' id='word_1_267' title='bbox 759 3013 792 3044; x_wconf 88' lang='lat' dir='ltr'>t.</span> <span class='ocrx_word' id='word_1_268' title='bbox 816 3008 847 3053; x_wconf 96' lang='lat' dir='ltr'>I,</span> <span class='ocrx_word' id='word_1_269' title='bbox 867 3007 933 3044; x_wconf 79' lang='lat' dir='ltr'>fol.</span> <span class='ocrx_word' id='word_1_270' title='bbox 953 3015 1035 3053; x_wconf 85' lang='lat' dir='ltr'>55r.</span> <span class='ocrx_word' id='word_1_271' title='bbox 1059 3006 1217 3041; x_wconf 86' lang='lat' dir='ltr'>Habent</span> <span class='ocrx_word' id='word_1_272' title='bbox 1235 3004 1352 3040; x_wconf 87' lang='lat' dir='ltr'>etiam</span> <span class='ocrx_word' id='word_1_273' title='bbox 1369 3000 1586 3050; x_wconf 84' lang='lat' dir='ltr'>apographa</span> <span class='ocrx_word' id='word_1_274' title='bbox 1603 2998 1686 3033; x_wconf 85' lang='lat' dir='ltr'>cod.</span> 
     </span>
    </p>
   </div>
  </div>
 </body>
</html>
