2018 3510
600 210 738 246 Emsr.
771 217 895 247 11.-1
926 211 1126 256 JANUARH
1155 216 1245 252 1542
1625 217 1692 252 249

109 320 166 363 de
182 319 365 376 Jequ.0
390 328 545 359 vemos
569 327 657 369 que
679 327 762 355 nos
792 312 946 364 faltan;
978 327 1006 367 y
1035 311 1191 354 siendo
1214 313 1277 353 asi
1302 324 1389 365 que
1418 311 1460 352 10
1490 324 1578 365 que
1607 311 1741 352 haze—

111 409 207 439 mos
228 394 324 436 5010
346 406 394 435 05
417 405 497 448 por
523 389 666 434 servir
689 393 714 432 3
736 388 847 432 Dios
870 395 1055 432 nuestro
1084 389 1246 438 Sefior,
1280 389 1520 430 crescenos
1549 386 1741 442 siempre

112 484 354 527 esperanca
373 483 402 524 y
424 468 673 521 confianca‚
699 480 786 522 que
808 465 920 509 Dios
948 472 1134 509 nuestro
1157 465 1302 508 Sefior
1329 478 1436 519 para
1465 478 1518 506 su
1550 462 1741 506 seruicio

113 563 142 604 y
164 545 307 603 gloria
328 559 410 587 nos
427 545 486 586 ha
507 544 564 587 de
586 544 667 585 dar
689 540 1206 585 abundantisimamente
1228 555 1285 583 en
1308 554 1361 582 su
1385 539 1550 595 tiempo
1574 541 1678 582 todo
1700 540 1743 582 lo

115 621 359 668 necesario.
385 620 433 665 Si
451 621 537 663 alla
558 619 715 663 vbiese
737 619 928 675 algunas
951 632 1166 674 personas
1189 631 1296 672 muy
1324 617 1535 660 deseosas
1563 617 1619 658 de
1647 631 1742 660 ser-

115 700 182 743 uir
204 703 229 742 3
250 698 360 741 Dios
383 703 582 740 mues‘tro
605 697 766 749 Senor,
792 697 957 738 mucho
979 695 1126 737 frueto
1149 708 1197 737 se
1219 693 1407 750 siguiria
1430 708 1517 748 que
1535 693 1744 735 mandas-

113 775 242 821 sedes
271 775 464 831 algunos
494 778 519 817 3
551 773 789 829 Portugal,
820 786 992 828 porque
1020 772 1076 814 de
1110 770 1345 826 portugal,
1375 784 1460 812 con
1495 769 1538 812 la
1566 769 1746 812 armada

111 867 199 909 que
221 852 277 894 de
299 852 385 894 3113
406 850 539 894 viene
562 851 692 893 todos
709 851 776 893 105
799 856 925 901 anos,
952 852 1123 892 vernan
1145 863 1253 904 para
1274 848 1317 889 13
1339 845 1480 889 India.

203 939 243 984 5.
309 927 534 971 Viniendo
564 942 644 983 por
671 928 713 970 el
742 941 838 970 mar
872 925 1088 982 predique
1126 922 1286 983 t0d0[s]
1318 924 1385 966 los
1413 922 1678 979 domingos,
1717 938 1746 978 y

114 1010 216 1062 aqui
239 1020 295 1049 en
318 1003 619 1059 Mocanbique
643 1005 656 1026 ⁵
680 1004 745 1046 las
762 1017 895 1046 veces
913 1017 1000 1058 que
1017 1003 1165 1059 podia.
1187 1003 1252 1044 La
1268 1000 1486 1043 voluntad
1503 1015 1531 1055 y
1553 998 1747 1042 afection

117 1098 203 1140 que
225 1083 266 1127 el
283 1088 417 1126 senor
433 1081 735 1125 Gobernador
757 1095 839 1123 nos
862 1086 1061 1122 muestra
1082 1094 1111 1134 y
1134 1079 1175 1121 el
1197 1092 1320 1121 amor
1343 1092 1432 1133 que
1453 1091 1536 1119 nos
1558 1076 1679 1120 tiene
1699 1090 1748 1119 es

119 1167 257 1212 tanto,
284 1174 372 1215 que
404 1159 512 1201 todo
537 1159 665 1201 fauor
692 1172 799 1213 para
826 1155 1020 1199 seruicio
1049 1157 1105 1198 de
1132 1155 1244 1198 Dios
1272 1161 1457 1197 nuestro
1481 1154 1626 1197 Sefior
1653 1156 1748 1195 esta

119 1252 224 1292 muy
245 1235 385 1280 cierto
409 1250 465 1279 en
487 1235 528 1278 01
551 1241 685 1277 senor
708 1233 1007 1278 Gobernador
1030 1247 1137 1289 para
1159 1246 1242 1274 nos
1265 1232 1311 1274 10
1335 1232 1429 1273 (131.

205 1314 246 1356 6.
313 1314 481 1356 Mucho
494 1313 681 1356 deseara
693 1312 832 1368 poder
846 1310 1045 1354 escreuir
1057 1314 1152 1353 mas
1165 1311 1308 1365 largo:
1326 1324 1422 1351 mas
1436 1323 1516 1364 por
1531 1313 1701 1363 quanto
1713 1308 1746 1360 ⁶,

119 1391 162 1434 la
197 1390 487 1435 enfermedad
524 1404 584 1432 no
620 1390 664 1432 10
701 1389 841 1442 sufre3
879 1403 937 1444 oy
970 1401 1042 1430 me
1078 1400 1330 1443 sangraron
1357 1387 1399 1428 13
1426 1392 1582 1428 setena
1613 1399 1695 1428 vez
1723 1399 1752 1440 y

121 1468 309 1511 hallome
331 1481 388 1509 en
406 1466 630 1510 mediocre
648 1464 959 1522 dispossicion,
985 1464 1096 1508 Dios
1118 1464 1271 1506 loado.

204 1545 247 1587 A
287 1544 416 1587 todos
450 1550 661 1587 nuestros
697 1542 966 1586 conoscidos
994 1557 1023 1597 y
1050 1541 1225 1597 amigos
1255 1540 1522 1595 mandareys
1550 1539 1631 1581 dar
1668 1537 1752 1581 mis

122 1621 451 1665 encomiendas.

208 1700 277 1742 De
300 1697 600 1753 Mocanbique
622 1698 664 1742 01
685 1696 853 1753 primer
874 1697 948 1739 dia
969 1695 1026 1740 de
1049 1697 1199 1739 Enero
1222 1695 1279 1738 (10
1308 1705 1433 1748 1542.

1224 1772 1259 1814 F
1263 1784 1513 1815 RANCISCO.

209 1852 315 1894 Alia
336 1866 478 1894 manu
500 1852 551 1894 in
573 1852 726 1894 eadem
741 1852 901 1907 prima
917 1850 1116 1907 pagina.
1143 1849 1299 1905 Copia.

208 1930 267 1971 Et
308 1929 461 1973 eadem
504 1943 647 1971 manu
664 1963 675 1981 ‚
725 1929 863 1986 infra
904 1941 1068 1970 nomen
1111 1927 1383 1970 FRANCISCO
1427 1926 1645 1980 scriptum
1690 1926 1754 1966 est

126 2006 367 2050 «Xeuier».

207 2083 266 2124 Et
307 2084 358 2125 in
404 2083 602 2125 secunda
638 2083 837 2139 pagina.
879 2081 1024 2126 Vista.
1074 2091 1200 2135 1542.
1247 2079 1387 2122 India.
1434 2078 1751 2134 Mocanbique.

123 2160 211 2202 M.e
237 2160 379 2213 Fr.00,
412 2162 468 2203 1.⁰
491 2160 547 2203 de
570 2161 733 2203 Enero.
763 2161 902 2202 Roma
925 2160 986 2201 2.⁰
1009 2159 1065 2201 de
1082 2157 1219 2215 Julio.

209 2237 315 2279 Alia
337 2252 494 2280 manu.
522 2238 597 2280 Ad
618 2237 775 2280 histor.
802 2235 1025 2292 pertinen.

195 2410 209 2430 ⁵
259 2409 532 2456 «Mosambiea,
551 2410 835 2455 NIosambique,
855 2410 947 2443 urbs
967 2407 1138 2453 Africae,
1163 2407 1202 2442 in
1221 2405 1492 2452 Zanguebaria
1515 2398 1692 2450 regione,
1716 2403 1755 2438 in

128 2467 250 2503 insula
279 2481 397 2516 parva
430 2469 551 2504 littori
581 2481 748 2515 annexa,
783 2468 831 2503 ad
866 2468 966 2503 ostia
1000 2467 1109 2502 fluvii
1143 2466 1402 2512 cognominis,
1439 2465 1478 2500 in
1508 2476 1574 2499 ora
1608 2462 1756 2500 Oceani

129 2526 360 2575 Aethiopici,
376 2541 464 2564 cum
479 2540 567 2564 arce
581 2528 730 2564 munita
748 2533 788 2563 et
806 2532 918 2575 portu
933 2526 1142 2572 celebri...,
1159 2526 1286 2560 media
1300 2526 1382 2560 fere
1397 2525 1498 2560 inter
1513 2524 1694 2570 Quiloam
1709 2522 1757 2557 ad

129 2586 302 2634 Boream,
328 2593 367 2623 et
392 2588 577 2624 Soffalam
601 2587 650 2623 ad
673 2593 862 2632 austrum,
888 2592 928 2622 et
954 2595 1022 2632 270
1047 2585 1141 2620 mill.
1169 2597 1274 2632 pass.
1301 2596 1322 2619 a
1339 2583 1563 2631 proximiori
1583 2594 1648 2617 ora
1667 2582 1758 2616 Del-

125 2644 238 2692 finae,
256 2658 325 2682 seu
344 2647 656 2693 Madagascariae
674 2647 824 2682 insulae
839 2647 878 2681 in
898 2657 1092 2681 occasum.
1110 2644 1155 2680 Ei
1174 2644 1353 2690 adjacent
1370 2644 1520 2679 insulae
1539 2642 1580 2677 S.
1597 2640 1758 2687 Georgii

128 2708 168 2738 et
192 2705 230 2740 S.
257 2707 393 2752 Jacobi
418 2713 458 2743 et
476 2707 516 2742 in
540 2707 625 2753 ejus
650 2706 805 2742 viciniis
833 2705 976 2741 fluvius
1003 2705 1229 2740 Mocambus
1260 2704 1299 2739 in
1324 2703 1526 2740 Oceanum
1550 2714 1592 2737 se
1618 2712 1757 2736 exone-

127 2768 225 2800 rat».
250 2766 505 2813 FERRARIUS,
527 2767 659 2802 Lexic.

197 2825 212 2846 ⁶
260 2826 343 2860 Ρον
361 2838 421 2861 em
440 2829 607 2872 quanm.
633 2825 882 2861 Adverbialis
897 2824 1042 2860 locutio
1061 2824 1242 2870 lusitana,
1262 2835 1361 2870 quae
1380 2821 1602 2868 hispanicae
1617 2820 1658 2854 al
1668 2822 1759 2865 pre·

129 2885 232 2919 sente
249 2886 470 2932 respondet3
492 2891 531 2921 et
549 2885 588 2920 in
605 2887 678 2921 hoc
696 2897 814 2920 sensu
833 2884 988 2920 videtur
1006 2883 1047 2919 S.
1068 2883 1298 2918 Franciscus
1317 2894 1411 2917 usus
1429 2881 1550 2916 fuisse
1574 2879 1650 2915 illis
1675 2889 1761 2912 ver-

132 2940 203 2977 bis:
219 2955 304 2978 mas
316 2948 394 2991 por
411 2948 574 2991 quanto.
595 2945 743 2980 Sensus
758 2945 896 2980 saltem
914 2944 1004 2979 huic
1018 2942 1331 2990 interpretationi
1349 2940 1600 2986 suffragatur.
