2018 3510
332 189 400 233 296
829 194 1105 230 MONUMENTA
1124 196 1378 236 XAVERIA-NA

373 290 632 346 Inscrz'plz'o.
666 293 884 337 Treslado
906 296 964 338 da
992 295 1203 351 primeira
1237 304 1360 340 carta
1392 312 1481 353 que
1513 314 1540 342 o
1573 301 1625 343 Ρ.
1663 302 1755 344 M.e
1779 302 1926 345 Fran-

282 364 418 419 QiSCO‚
443 368 651 422 professo
670 370 727 413 da
749 371 1031 427 Companhia
1053 374 1109 415 de
1129 374 1270 425 Iesus,
1297 374 1378 417 dos
1400 375 1635 430 primeiros
1657 392 1745 432 que
1767 392 1922 423 come-

281 447 414 497 carao
437 458 537 487 com
561 460 588 488 o
612 448 694 490 P.e
718 448 921 504 Ignacio,
953 464 1170 493 escreueo
1198 451 1255 493 da
1283 451 1409 494 India
1439 467 1464 495 a
1498 465 1548 511 12
1578 454 1634 497 de
1661 455 1831 499 henero
1855 470 1918 504 ,no

278 533 398 569 anno
420 521 477 564 de
505 532 632 577 1544.

368 597 533 641 Iisdem
548 600 660 657 fere
680 602 830 644 verbis
852 602 1040 645 habetur
1065 604 1301 660 inscripiio
1324 606 1373 648 in
1395 607 1510 650 «cod.
1534 607 1671 651 Ebor.
1699 614 1913 666 apogr».,

277 675 319 714 et
341 674 391 715 in
418 676 536 719 «cod.
567 678 769 721 Conimb.
797 684 989 737 apogr».

476 958 743 988 EARUMDEM
784 960 1097 990 LITTERARUM
1137 959 1355 992 LATINUM
1390 964 1654 995 EXEMPLUM
1683 954 1710 994 ¹.

1040 1082 1142 1164 nfrs

369 1228 404 1258 1.
470 1218 587 1259 Cum
617 1218 729 1274 lapsi
757 1220 848 1262 duo
877 1220 965 1262 iam
995 1220 1086 1263 sint
1124 1222 1230 1264 anni
1262 1230 1308 1267 et
1345 1238 1510 1269 nouem
1544 1241 1722 1271 menses
1744 1230 1866 1283 quod
1889 1245 1914 1272 a

274 1292 506 1343 Lusitania
524 1295 580 1337 ad
602 1295 773 1339 Indiam
796 1296 1097 1355 nauigaturus
1121 1300 1350 1353 soluerim,
1377 1309 1423 1345 et
1447 1309 1514 1345 ter
1536 1304 1593 1346 ad
1617 1318 1715 1357 uos,
1741 1306 1848 1348 dum
1868 1306 1913 1354 in

274 1369 398 1413 India
420 1385 536 1422 sum,
563 1371 715 1416 literas
737 1373 956 1427 dederim,
983 1390 1097 1418 vnas
1119 1391 1145 1419 a
1173 1377 1304 1420 uobis
1333 1379 1570 1424 dumtaxat
1597 1381 1766 1438 accepi,
1799 1397 1917 1438 quae

270 1446 402 1490 datae
425 1448 598 1492 decima
622 1450 755 1493 tertia
770 1451 975 1508 Januarii
998 1452 1012 1472 ²
1037 1453 1144 1496 anni
1174 1465 1301 1509 1542,
1327 1471 1353 1498 a
1376 1471 1448 1501 me
1465 1458 1609 1503 lectae
1626 1467 1734 1503 sunt
1751 1460 1916 1504 abhinc

271 1523 387 1573 duos
410 1540 605 1569 menses:
632 1527 763 1570 nauis
786 1528 832 1570 in
855 1544 944 1585 qua
967 1530 1231 1574 ferebantur
1254 1533 1486 1588 hyemauit
1510 1534 1556 1577 in
1578 1537 1912 1593 Mozambique3

346 1632 354 1651 ¹
407 1631 464 1665 Ex
482 1632 719 1678 apographO,
740 1632 779 1668 in
808 1634 902 1669 Var.
923 1635 1047 1677 Hist„
1070 1641 1098 1671 t.
1119 1637 1190 1683 ΙΙΙ,
1210 1649 1253 1672 n.
1281 1647 1314 1683 1,
1333 1644 1448 1674 antea
1467 1640 1507 1675 ff.
1532 1649 1607 1686 1-4.

342 1691 356 1711 ²
408 1690 504 1724 Mira
529 1691 698 1726 varietas
723 1692 763 1727 in
788 1694 1023 1739 assignanda
1046 1696 1270 1742 scriptionis
1301 1698 1416 1744 hujus
1447 1699 1636 1746 epistolae
1666 1702 1747 1737 die.
1786 1702 1915 1739 Codex

279 1748 449 1795 Ulyssip.
469 1753 629 1798 apogr„
651 1757 679 1786 t.
702 1752 733 1798 Ι,
752 1754 835 1787 cod.
863 1754 983 1789 Ebor.
1010 1757 1155 1802 apogr.
1177 1762 1216 1790 et
1239 1758 1323 1792 cod.
1360 1759 1539 1794 Conimb.
1568 1764 1711 1808 apogr.
1739 1761 1844 1797 diem
1872 1762 1915 1797 18

267 1808 441 1853 januarii
460 1810 649 1846 scribunt:
676 1813 763 1846 cod.
802 1813 975 1860 Ulyssip.
1007 1818 1174 1862 apogr„
1215 1821 1246 1851 t.
1280 1818 1330 1861 II,
1356 1818 1475 1853 habet
1504 1820 1599 1854 XIII
1630 1821 1819 1867 Januarii,
1851 1822 1914 1857 cui

268 1869 465 1904 consentit
491 1871 577 1905 cod.
604 1871 724 1906 Rom.
749 1875 909 1920 apogr„
931 1886 973 1908 n.
1004 1883 1062 1919 29:
1090 1875 1206 1921 hujus
1224 1877 1370 1912 codicis
1394 1880 1633 1926 exemplum,
1659 1893 1702 1916 n.
1731 1890 1792 1925 22,
1816 1883 1915 1917 hanc

267 1928 416 1974 periodi
435 1935 584 1975 partem
609 1932 1010 1977 suppressit.—-Inter
1034 1935 1154 1981 epist.
1188 1935 1328 1983 editas,
1366 1938 1540 1973 Tursell.
1578 1940 1633 1975 ait
1664 1941 1733 1976 has
1765 1941 1916 1978 litteras

264 1987 422 2023 «Idibus
444 1989 667 2025 Februarii»
688 1990 749 2034 (13
764 1992 997 2038 Februarii),
1015 1993 1180 2030 Cutilias
1197 2007 1291 2030 vero
1311 2005 1354 2041 «5
1371 1997 1420 2032 de
1436 1999 1630 2034 Febrero»
1646 2002 1682 2044 (5
1698 2001 1915 2049 Februarii)

266 2046 389 2082 fuisse
414 2048 523 2083 datas
535 2076 542 2083 .
1780 2052 1785 2057 ”

339 2107 559 2142 Dolendum
578 2109 737 2156 quidem
756 2117 816 2146 est
842 2113 959 2147 talem
985 2113 1190 2159 epistolam
1215 2115 1460 2162 deperditam
1490 2117 1626 2153 fuisse:
1658 2131 1744 2154 eam
1775 2121 1914 2156 saltem

266 2178 464 2213 nunquam
485 2167 669 2215 vidimus,
689 2182 762 2205 nec
781 2170 820 2205 in
843 2170 989 2207 Carras
1007 2174 1054 2208 de
1075 2174 1114 2208 S.
1135 2174 1304 2222 Ignacio
1322 2177 1554 2223 reperimus.
1575 2179 1650 2213 Per
1664 2180 1733 2214 has
1748 2179 1916 2227 litteras,

267 2230 309 2259 ut
328 2225 427 2261 infra
446 2228 519 2261 sub
539 2240 580 2262 n.
610 2237 652 2273 14
670 2229 827 2274 dicitur,
848 2232 1041 2267 Xaverius
1060 2234 1204 2269 certior
1221 2234 1342 2270 fiebat
1361 2235 1409 2271 de
1428 2237 1724 2274 confirmatione
1740 2239 1914 2275 Societa-

264 2284 330 2331 tis,
351 2291 391 2320 et
409 2287 479 2321 abs
498 2287 618 2322 dubio
643 2289 682 2323 in
708 2289 846 2324 iisdem
874 2296 1049 2337 potestas
1082 2292 1155 2339 ipsi
1186 2293 1352 2330 dabatur
1382 2297 1597 2332 solemnem
1629 2298 1912 2344 professionem

265 2344 487 2392 emittendi,
507 2347 609 2392 quod
628 2347 785 2384 videtur
803 2351 1008 2398 perspicue
1028 2353 1123 2387 satis
1141 2364 1256 2399 posse
1275 2355 1444 2401 probari:
1461 2368 1549 2391 nam
1566 2358 1755 2394 Araozius
1769 2358 1912 2395 formu-

263 2404 339 2444 lam
359 2404 616 2451 professionis
636 2409 823 2444 solemnis
843 2410 885 2445 S.
912 2411 1073 2447 Xaverii
1092 2424 1113 2447 e
1133 2413 1334 2449 Lusitania
1352 2415 1516 2451 Romam
1531 2417 1693 2452 miserat
1705 2419 1779 2453 sub
1793 2418 1911 2455 finem

261 2463 355 2498 anni
377 2473 468 2510 1544
488 2467 549 2500 vel
570 2465 682 2501 initio
701 2470 904 2514 sequentis
923 2470 1014 2506 anni
1032 2471 1139 2515 (vide
1159 2473 1289 2520 Epist.
1310 2474 1477 2517 Mixtae,
1498 2481 1527 2511 t.
1545 2477 1576 2522 Ι,
1591 2488 1656 2523 pp.
1676 2485 1741 2523 197
1757 2484 1796 2514 et
1814 2479 1910 2527 198),

262 2523 459 2570 simulque
479 2525 684 2571 epistolam
704 2527 880 2573 ejusdem
901 2529 1036 2565 Sancti
1054 2543 1103 2566 ex
1124 2532 1235 2567 India
1253 2533 1428 2569 missam.
1455 2535 1564 2571 Haec
1588 2537 1753 2583 epistola
1775 2549 1911 2573 neces-

259 2583 363 2618 sario
383 2595 472 2619 esse
491 2584 628 2620 debuit
646 2598 761 2633 quam
781 2588 820 2623 in
840 2594 950 2624 textu
970 2590 1123 2637 damus,
1142 2592 1254 2627 initio
1281 2593 1373 2628 anni
1402 2602 1492 2639 1544
1524 2602 1722 2632 exaratam
1753 2603 1793 2633 et
1822 2603 1913 2644 post

259 2641 507 2677 dimidiatum
526 2655 670 2678 annum
689 2644 728 2679 in
748 2646 950 2683 Lusitania
969 2655 1182 2696 receptam.
1204 2651 1330 2697 Igitur
1349 2652 1382 2687 si
1400 2652 1562 2689 ineunte
1581 2667 1683 2691 anno
1710 2664 1801 2701 1544
1825 2668 1911 2704 pro-

259 2700 474 2737 fessionem
493 2704 708 2739 solemnem
729 2705 914 2742 emiserat
938 2709 1138 2755 (quoniam
1163 2711 1369 2747 formulam
1388 2712 1494 2748 illius
1512 2713 1552 2749 in
1571 2716 1765 2762 Europam
1781 2716 1912 2752 mitte-

259 2761 341 2804 bat)
360 2766 400 2796 et
418 2773 534 2796 unam
559 2768 710 2805 tantum
739 2765 944 2811 epistolam
970 2768 1093 2803 Roma
1123 2776 1344 2816 acceperat,
1376 2784 1491 2819 quam
1521 2773 1676 2817 duobus
1707 2775 1911 2821 mensibus

257 2824 374 2854 antea
392 2821 556 2867 legerat,
577 2821 616 2856 in
630 2822 853 2868 hujusmodi
868 2825 1034 2871 epistola
1049 2828 1346 2874 permissionem
1367 2842 1520 2878 quoque
1541 2834 1603 2868 vel
1625 2833 1911 2879 ordinationem

257 2880 449 2925 solemnia
467 2886 557 2916 vota
577 2882 783 2923 emittendi
801 2885 1002 2931 accepisse
1021 2888 1334 2924 concludendum
1359 2890 1532 2927 videtur.
1563 2892 1678 2928 Unde
1703 2905 1749 2928 ea
1763 2906 1910 2941 ,reapse

257 2938 389 2981 emisit
408 2940 510 2983 inter
533 2949 574 2992 15
593 2941 698 2986 diem
718 2942 954 2985 Novembris
972 2945 1160 2991 (circiter)
1178 2948 1271 2990 anni
1288 2948 1385 2998 ,1543
1404 2956 1444 2993 et
1462 2950 1567 2996 diem
1592 2952 1816 2999 scriptionis
1834 2954 1910 2997 ,hu-

250 2997 319 3044 jus
338 2999 545 3051 epistolae,
565 3012 635 3044 seu
655 3009 697 3054 15
713 3002 894 3056 januarii
917 3012 1024 3056 1544-
