2049 3360
345 185 416 230 676
842 184 1115 219 MoxUMENTA
1144 183 1394 218 XAvssmANA

303 287 434 329 todos
456 286 513 330 de
536 300 644 342 paaz
667 299 691 328 e
714 299 783 328 em
809 285 965 337 saude,
990 284 1387 328 desembareamdo
1416 297 1472 326 en
1503 281 1813 338 Camgaxima,
1845 296 1933 337 que
2000 270 2027 290 '

301 365 358 406 he
381 365 489 405 hum
512 363 659 419 lugar,
686 363 849 406 dvnnde
871 364 1006 405 herfro
1029 367 1241 404 naturaes
1263 375 1313 403 os
1335 360 1493 416 japoes
1522 374 1609 415 que
1637 362 1719 401 nos
1748 359 1930 403 leuava-
2006 342 2012 351 ⁸

299 454 411 483 mos.
439 441 602 483 Fomos
629 439 859 494 recebidos
897 440 952 483 da
985 445 1122 495 gente
1159 438 1215 481 da
1245 445 1362 482 terra
1391 436 1532 480 muito
1560 435 1925 493 begninamente‚

300 516 681 573 primcipalmente
700 518 782 559 dos
801 523 1021 572 paremtes
1037 517 1092 558 de
1113 515 1253 558 Paulo
1265 517 1424 572 Japao,
1451 528 1501 557 os
1524 528 1663 570 quaes
1685 513 1785 569 quis
1803 515 1927 558 Deus

299 607 410 637 noso
439 595 614 639 Senhor
647 608 734 649 que
766 593 934 638 viesem
967 608 1037 637 em
1067 592 1408 636 conhecimento
1431 593 1445 612 ³
1469 592 1525 635 de
1557 590 1767 642 verdade,
1802 605 1827 634 e
1863 593 1927 633 asi
2003 651 2005 653 Γ

300 678 430 727 perto
459 671 515 715 de
544 678 691 715 cemto
722 686 768 714 se
802 671 964 714 fizerao
1002 675 1157 726 xpaos.
1194 670 1273 712 n’o
1308 677 1458 725 tempo
1495 682 1583 724 que
1605 667 1834 712 istivemos
1871 681 1927 710 en
1992 700 1993 703 η

301 748 610 805 Camgaxima.
638 749 672 791 F
677 749 861 804 olgarao
883 762 933 790 os
956 746 1149 804 gemtios
1179 761 1249 790 em
1287 745 1416 789 ouvir
1444 760 1470 788 a
1497 746 1569 802 ley
1599 745 1656 788 de
1685 746 1824 797 Deus,
1851 759 1930 801 per

301 840 373 870 ser
415 839 577 869 cousas
615 839 702 880 que
741 839 939 881 numqua
977 824 1163 868 ouvirao
1199 838 1301 867 nem
1333 823 1537 879 jaamays
1580 821 1753 867 tiuerao
1797 828 1930 865 conto
1991 810 2005 866 ἶ

296 903 455 946 d'elas.

390 992 430 1023 2.
498 981 605 1023 Esta
635 987 750 1023 terra
772 980 828 1024 de
844 981 986 1038 Japao
1018 980 1075 1022 116
1109 977 1249 1022 muito
1281 978 1465 1035 gramde
1497 991 1567 1020 em
1600 983 1809 1021 estremo:
1850 980 1929 1020 sao

300 1056 428 1100 ilhas.
456 1058 537 1100 Em
562 1057 666 1100 toda
687 1065 784 1100 esta
807 1065 923 1101 terra
946 1061 1032 1100 nao
1054 1058 1112 1100 ha
1134 1070 1260 1112 mays
1282 1069 1370 1111 que
1397 1056 1535 1098 huma
1563 1053 1746 1111 limgoa‚
1777 1068 1802 1097 e
1831 1060 1927 1097 esta
1984 1039 1998 1090 ’f

302 1138 386 1177 nao
409 1136 464 1177 he
487 1133 629 1177 muito
651 1133 815 1177 defficil
842 1134 898 1178 de
929 1141 1159 1177 tomar-se.
1194 1134 1267 1176 Ha
1295 1139 1402 1189 oyto
1430 1146 1488 1174 ou
1522 1145 1638 1175 nove
1665 1145 1810 1175 annos
1837 1145 1925 1187 que

304 1214 424 1254 10ῑέιο
447 1211 737 1254 descubertas
760 1218 878 1255 estas
901 1210 1014 1254 ilhas
1036 1211 1093 1255 (16
1109 1213 1250 1269 Japao
1273 1210 1397 1266 pelos
1419 1215 1732 1265 portugueses.
1765 1208 1855 1253 Sao
1875 1222 1926 1252 os

294 1288 452 1344 japoes
475 1295 627 1344 gemte
648 1289 704 1332 de
727 1287 867 1331 muita
891 1287 1081 1344 openiao
1103 1303 1174 1332 em
1197 1288 1293 1331 lhes
1322 1301 1506 1343 parecer
1532 1299 1620 1341 que
1641 1299 1711 1329 ern
1735 1299 1880 1329 armas
1901 1299 1926 1329 e

301 1364 545 1408 caualarias
568 1369 653 1408 nao
676 1367 764 1421 hay
786 1372 941 1408 outros
963 1379 1095 1408 como
1117 1366 1225 1418 eles;
1251 1371 1403 1421 gemte
1424 1365 1481 1406 he
1503 1377 1591 1419 que
1615 1369 1703 1406 tem
1725 1377 1796 1406 em
1814 1376 1925 1419 pou-
1972 1370 1996 1426 ,ξς

302 1456 391 1497 quo
414 1457 438 1484 a
464 1442 589 1485 todas
612 1439 689 1500 a[s]
710 1450 864 1485 outras
886 1450 1060 1499 gemtes
1082 1441 1408 1498 estramgeiras.
1438 1442 1606 1485 Prezao
1628 1438 1769 1483 muito
1785 1454 1834 1483 as
1856 1453 1926 1483 ar·
1976 1434 1997 1491 ἕ,-

302 1533 412 1562 mas:
447 1527 611 1563 tem-as
648 1535 718 1564 ern
748 1519 889 1563 muito
917 1521 1105 1577 gramde
1142 1519 1289 1563 istima
1325 1533 1350 1562 6
1387 1532 1456 1561 em
1481 1519 1733 1562 nenhumas
1768 1531 1928 1561 cousas

302 1603 440 1640 tamto
462 1611 510 1640 se
533 1601 693 1653 prezao
715 1611 844 1640 como
865 1597 922 1641 de
947 1604 1013 1641 ter
1035 1598 1146 1640 boas
1169 1611 1330 1649 armas,
1350 1595 1492 1639 muito
1509 1595 1611 1640 bem
1629 1594 1927 1651 guarnecidas
1968 1575 2002 1656 1

301 1674 357 1716 (16
378 1688 489 1717 ouro
511 1689 536 1718 6
558 1682 698 1730 prata.
726 1674 1165 1719 Continuadamente
1189 1683 1353 1718 trazem
1377 1674 1566 1730 espadas
1587 1688 1614 1718 6
1634 1674 1838 1730 punhaes
1854 1686 1924 1716 em
1967 1659 1991 1737 J

301 1763 428 1794 casas
448 1765 474 1794 e
497 1752 591 1795 fora
611 1752 668 1796 de
690 1766 832 1804 casas,
857 1766 881 1795 e
904 1753 1098 1808 quamdo
1119 1753 1320 1796 dormem
1341 1766 1391 1795 as
1414 1758 1502 1795 tem
1525 1754 1551 1794 a
1572 1749 1820 1806 cabeceira.
1963 1807 1966 1811 J
1995 1810 1998 1814 J

392 1841 432 1883 3.
498 1829 716 1872 Comffiao
738 1843 865 1886 mays
887 1844 958 1874 em
991 1844 1041 1873 as
1077 1843 1222 1873 armas
1259 1843 1347 1885 que
1383 1835 1566 1884 quamta
1599 1833 1751 1884 gemte
1790 1827 1925 1872 tenho

302 1903 418 1948 visto
439 1919 511 1949 em
538 1905 690 1949 minha
722 1906 840 1950 vida.
873 1907 963 1952 Sao
990 1906 1133 1950 muito
1165 1907 1374 1963 gramdes
1402 1904 1658 1950 frecheiros:
1691 1903 1878 1961 peleijao
1899 1918 1926 1949 a
1963 1906 1984 1949 ἐς
1999 1903 2006 1950 1³

303 1995 400 2038 pee,
427 1982 574 2026 aimda
595 1997 683 2040 que
705 1983 803 2040 ajao
825 1985 1006 2028 caualos
1028 1986 1104 2027 n'a
1127 1991 1258 2028 terra.
1285 1984 1358 2027 He
1375 1990 1526 2040 gemte
1542 1983 1599 2027 de
1615 1982 1802 2039 gramde
1822 1995 1926 2026 cor·

304 2058 414 2103 tesia
435 2067 577 2104 amtre
598 2061 706 2113 6163,
731 2060 879 2104 aimda
900 2075 988 2117 que
1009 2075 1110 2105 com
1136 2060 1440 2118 estrangeiros
1467 2064 1554 2104 nao
1578 2061 1724 2103 husao
1745 2058 1926 2115 aquelas
1962 2057 1978 2102 ἶῖ

301 2136 534 2189 cortesias‚
561 2151 731 2194 porque
752 2152 803 2181 os
827 2145 915 2182 tem
937 2153 1008 2182 em
1030 2152 1227 2195 pouquo.
1255 2139 1336 2181 Em
1359 2137 1574 2190 vestidos,
1598 2150 1744 2181 armas
1765 2151 1791 2180 e
1811 2134 1926 2179 cria-
1960 2131 2003 2183 ’.Γ

302 2212 384 2256 (103
405 2218 564 2270 gastao
587 2215 696 2258 tudo
717 2222 900 2271 quamto
930 2222 1037 2270 tem,
1067 2229 1163 2259 sem
1190 2215 1387 2273 guardar
1415 2221 1632 2258 tesouros.
1668 2213 1757 2258 Sao
1785 2211 1957 2256 muito··

302 2340 382 2378 diei
398 2341 653 2379 festivitatem
676 2350 971 2380 commemorat:
996 2356 1180 2393 praesens
1198 2356 1292 2381 vero
1316 2345 1493 2393 epistola,
1519 2344 1558 2380 in
1581 2355 1657 2392 qua
1673 2343 1758 2379 dies
1782 2340 1924 2390 vigesi·
1988 2340 1995 2366 ἶ

303 2412 387 2437 mus
405 2402 638 2449 assignatur,
656 2403 808 2440 duobus
826 2404 937 2440 annis
960 2416 1049 2440 cum
1072 2404 1233 2441 dimidio
1255 2410 1343 2453 post
1361 2403 1519 2440 Xaverii
1537 2403 1749 2439 adventum
1766 2406 1923 2438 exarata
1939 2395 1942 2399 ’
1984 2393 1996 2414 '¹

303 2459 389 2496 fuit.
415 2461 583 2498 Difficile
612 2463 819 2499 admodum
849 2469 924 2511 est,
954 2476 1004 2500 ne
1034 2464 1160 2501 dicam
1188 2464 1412 2510 absurdum,
1438 2476 1460 2500 6
1485 2463 1526 2500 S.
1557 2462 1715 2499 Xaverii
1738 2459 1921 2498 memoria
1991 2452 1994 2459 ¹

303 2519 406 2556 diem
425 2520 464 2556 in
481 2523 784 2559 controversiam
801 2529 982 2559 vocatum
1000 2524 1206 2561 excidisse:
1223 2524 1325 2560 unde
1343 2523 1499 2560 librario
1516 2522 1671 2559 videtur
1694 2520 1936 2558 tribuendus
1983 2532 1993 2571 j

302 2590 391 2615 esse
410 2579 498 2616 talis
521 2592 639 2616 error.
665 2582 781 2618 Forte
809 2593 898 2619 cum
926 2595 1073 2630 eorum,
1096 2595 1196 2632 quae
1225 2588 1442 2630 narrantur,
1472 2581 1640 2619 maxima
1663 2593 1751 2629 pars
1774 2581 1815 2618 in
1837 2579 1935 2619 aliis.

301 2637 477 2685 epistolis
507 2644 621 2675 antea
648 2640 802 2688 seriptis
825 2643 1074 2690 reperiretur,
1093 2642 1286 2679 Xaverius
1308 2642 1462 2691 aliquod
1485 2653 1617 2678 earum
1640 2644 1924 2688 transumptum
1984 2644 1987 2649 “

299 2697 456 2733 librario
473 2698 746 2743 commodavit,
768 2705 810 2736 ut
827 2713 876 2736 ex
895 2701 960 2738 illo
978 2701 1127 2738 litteras
1149 2703 1312 2738 Romam
1335 2701 1543 2738 mittendas
1566 2699 1796 2736 conficeret:
1821 2696 1932 2747 quod.

301 2755 458 2804 quidem
489 2756 522 2792 si
551 2759 671 2794 semel
696 2758 903 2807 fingamus,
927 2761 1110 2797 facillime
1133 2761 1296 2798 mutatio
1311 2761 1391 2798 diei
1414 2760 1487 2796 XV
1510 2760 1549 2797 in
1575 2759 1679 2796 diem
1708 2759 1781 2794 XX
1804 2756 1924 2806 expli·
1983 2778 1988 2808 3

301 2815 380 2851 cari
409 2820 556 2863 posset.
582 2817 642 2852 De
665 2817 748 2863 ipsa
773 2829 866 2853 vero
891 2819 1100 2866 scriptione
1125 2821 1274 2857 nullum
1298 2819 1446 2856 moveri
1468 2819 1629 2855 dubium
1652 2823 1796 2866 potest:
1819 2818 1925 2854 clare·

301 2875 443 2921 legitur
459 2874 544 2911 dies
563 2874 775 2922 vigesimus
793 2876 832 2912 in
856 2878 927 2914 hac
950 2878 1114 2925 epistola
1137 2881 1193 2923 (et
1215 2879 1373 2928 quidem
1396 2878 1552 2924 litteris,
1576 2889 1654 2914 non
1677 2875 1864 2922 numeris)
1880 2879 1936 2931 et:

299 2933 472 2970 decimus
489 2933 647 2982 quintus
665 2934 704 2970 in
721 2935 880 2983 reliquis
898 2937 1092 2974 omnibus.

369 2993 384 3014 ⁵
431 2995 520 3039 c.10‚
542 3004 629 3039 ms.;
649 2999 689 3030 et
707 2993 762 3030 sic
781 3001 915 3043 postea
933 2996 1155 3043 aliquoties.
