2018 3510
520 216 524 220 “
563 204 702 240 EPIST.
733 211 887 248 17.-15
915 205 1119 250 JANUARH
1148 214 1238 251 1544
1607 208 1675 246 301

82 319 219 362 guam
259 305 506 357 mutabam,
549 319 718 361 easque
756 305 818 349 ita
855 313 1054 350 mutatas
1082 308 1345 351 edocebam.
1384 310 1490 364 Quo
1525 317 1730 365 tempore

82 389 208 426 tanta
230 397 302 425 me
325 383 549 426 obruebat
570 382 805 426 hominum
830 384 964 426 turba
982 384 1271 441 (uocantibus
1288 385 1358 427 his
1377 386 1433 428 ad
1451 402 1555 430 suas
1574 390 1725 444 aedes,

83 466 134 503 ut
166 459 316 516 aegris
350 461 364 481 ⁹
399 459 655 502 orationum
685 460 853 503 auxilio
886 461 1197 515 subuenirem,
1233 462 1331 505 aliis
1359 470 1410 505 ut
1446 464 1544 506 sani
1569 466 1728 509 fieren-t

83 537 432 593 obtestantibus)
457 544 507 579 ut
529 538 767 580 dumtaxat
788 537 832 580 in
858 538 1065 594 legendis
1095 538 1364 595 euangeliis,
1398 540 1549 596 pueris
1579 543 1727 598 bapti-

82 614 253 667 zandis,
289 615 506 657 docendis
545 615 845 669 orationibus,
881 616 1115 660 soluendis
1148 616 1492 673 quaestionibus
1530 620 1577 670 ¹⁰,
1611 634 1727 674 quae

79 706 314 748 nunquam
334 707 405 735 me
424 691 662 746 quiescere
679 692 986 748 patiebantur,
1004 693 1277 749 sepeliendis
1294 694 1502 747 mortuis,
1520 694 1730 739 iuuandis

77 768 332 826 aliquorum
359 769 490 812 bonis
522 769 773 822 desideriis,
811 770 1130 814 inflammanda
1169 758 1353 828 quoque
1378 773 1623 815 multorum
1649 775 1728 817 de—

76 846 279 900 uotione,
305 847 426 890 mille
448 863 522 891 me
544 847 943 892 circumuallarent
966 849 1223 905 angustiae.
1246 851 1317 894 Ne
1336 856 1487 893 tamen
1504 864 1588 893 suo
1606 852 1727 894 desi-

75 924 199 969 derio
217 934 374 968 eorum
394 926 682 968 fraudaretur
698 927 828 979 fides,
845 941 980 982 quam
993 941 1104 983 erga
1122 926 1388 983 religionem
1408 934 1453 970 et
1471 929 1621 984 legem
1640 944 1725 971 no—

74 1008 213 1045 stram
235 1004 482 1055 habebant,
514 1017 618 1046 cum
648 1018 799 1058 neque
832 1004 1045 1047 omnibus
1079 1019 1199 1047 unus
1232 1005 1495 1048 satisfacere
1527 1020 1724 1061 possem,

74 1094 223 1135 neque
245 1079 457 1124 dirimere
480 1095 662 1137 pugnas
691 1082 908 1134 ualerem,
941 1081 1005 1124 illi
1034 1081 1154 1125 enim
1184 1097 1256 1125 me
1286 1081 1372 1125 sibi
1402 1082 1726 1135 uendicabant‚

74 1156 149 1200 alii
171 1157 258 1200 alio
282 1157 535 1213 rapiebant,
561 1158 718 1202 inueni
740 1160 968 1213 quomodo
997 1159 1201 1202 omnium
1232 1160 1458 1203 uoluntati
1489 1161 1717 1217 obtempe-

73 1241 266 1287 raretur,
292 1250 455 1291 nempe
479 1235 555 1291 qui
573 1236 801 1279 orationes
818 1236 907 1279 iam
929 1236 1199 1280 didicerant:
1222 1238 1279 1280 ad
1296 1238 1432 1282 aedes
1450 1237 1550 1280 misi
1569 1253 1725 1282 eorum

71 1311 149 1368 qui
181 1312 468 1369 aegritudine
512 1315 541 1334 ¹¹
570 1314 856 1366 laborabant,
890 1314 1105 1357 mandaui
1128 1322 1195 1367 ut,
1221 1314 1378 1358 accitis
1401 1315 1614 1358 omnibus
1643 1317 1721 1358 do—

68 1389 268 1434 mesticis
285 1397 331 1432 et
350 1390 527 1443 uicinis,
549 1392 811 1446 frequenter
828 1393 1085 1448 symbolum
1104 1392 1477 1448 pronunciarent,
1497 1408 1720 1447 asserens,

11 1522 13 1525 4
67 1467 104 1511 si
126 1482 264 1524 aeger
288 1469 509 1521 crederet,
535 1470 658 1524 quod
680 1468 1038 1513 incolumitatem
1069 1469 1318 1526 acciperet;
1345 1470 1452 1513 hinc
1483 1470 1592 1514 alias
1620 1486 1718 1515 ora-

68 1545 214 1589 tiones
237 1553 557 1590 memorarent.
583 1548 650 1589 Ita
672 1546 885 1590 omnibus
907 1547 1210 1600 satisfaciens,
1237 1549 1493 1603 symbolum
1522 1555 1568 1592 et
1591 1564 1723 1592 man-

65 1623 171 1666 data
193 1629 238 1666 et
262 1622 372 1666 alias
396 1623 624 1668 orationes
647 1623 860 1680 priuatim
884 1624 929 1666 in
953 1624 1144 1668 aedibus
1172 1625 1200 1646 ¹²
1226 1632 1272 1668 et
1289 1625 1472 1681 publice
1490 1625 1535 1667 in
1560 1626 1722 1682 plateis

65 1701 302 1744 docebam.
330 1702 451 1744 Dum
475 1704 588 1744 haec
611 1717 636 1744 a
658 1703 812 1758 pueris
835 1709 1076 1759 geruntur,
1105 1703 1274 1747 factum
1304 1710 1374 1746 est
1397 1710 1446 1745 ut
1470 1703 1613 1759 aegri,
1640 1718 1721 1759 per

65 1778 200 1821 fidem
233 1778 607 1832 domesticorum,
638 1779 895 1823 uicinorum
924 1787 971 1823 et
1003 1795 1130 1823 suam
1154 1780 1375 1836 ipsorum,
1401 1780 1718 1837 expectatione

65 1855 234 1899 maiora
257 1871 283 1899 a
305 1857 404 1899 Deo
426 1864 520 1912 opt.
548 1871 666 1900 max.
693 1857 918 1901 beneficia
948 1857 1224 1913 acciperent.
1258 1859 1355 1901 Nec
1385 1858 1531 1900 solum
1562 1873 1588 1900 a
1618 1859 1715 1902 lan⁶

64 1947 208 1990 guore
234 1935 264 1955 ¹³
290 1933 492 1989 corporis
514 1934 721 1987 sanabili,
749 1949 910 1979 uerum
933 1934 1069 1978 etiam
1100 1936 1156 1978 ab
1187 1934 1507 1978 immedicabili
1537 1935 1715 1979 animae

62 2011 350 2068 aegritudine
373 2019 654 2055 curarentur.
681 2015 853 2069 Magna
874 2014 1003 2057 Deus
1027 2027 1138 2070 erga
1160 2028 1239 2056 eos
1262 2012 1573 2056 misericordia
1604 2028 1715 2055 usus

62 2096 145 2142 est,
171 2088 249 2145 qui
271 2104 351 2145 per
383 2089 697 2146 aegritudines
727 2105 806 2134 eos
835 2091 1034 2142 uocauit,
1069 2097 1114 2134 et
1143 2090 1272 2145 quasi
1306 2105 1386 2146 per
1419 2089 1511 2132 uim
1546 2105 1624 2134 eos
1657 2092 1715 2133 ad

61 2167 197 2211 fidem
219 2167 385 2224 rapuit.

150 2256 191 2299 7.
258 2244 458 2288 Dimisso
481 2245 527 2287 in
550 2247 637 2288 hac
655 2247 768 2291 urbe
785 2246 863 2302 qui
880 2250 1042 2302 coepta
1059 2252 1343 2302 promoueat,
1364 2245 1636 2302 progredior
1654 2247 1710 2288 ad

62 2322 186 2375 alias,
213 2323 371 2367 eadem
399 2322 447 2365 in
475 2322 563 2366 illis
595 2323 782 2378 faciens3
814 2323 877 2367 ita
898 2338 1133 2379 nunquam
1156 2338 1248 2367 non
1271 2323 1491 2379 plurimae
1524 2330 1632 2366 sunt
1664 2322 1710 2365 in

62 2401 148 2444 hac
185 2400 378 2457 regione
406 2408 591 2445 sanctae
619 2401 897 2458 diuinaeque
925 2401 1266 2458 occupationes.
1300 2403 1417 2445 Nam
1450 2408 1622 2457 quanta
1655 2400 1715 2444 sit

62 2477 233 2521 utilitas
255 2478 301 2521 in
321 2479 606 2535 baptizandis
629 2479 881 2523 infantibus
904 2481 1039 2523 modo
1061 2479 1195 2532 natis,
1223 2486 1269 2523 et
1291 2478 1612 2536 grandioribus
1640 2478 1702 2521 in—

61 2554 318 2609 stituendis,
345 2556 423 2612 qui
446 2563 642 2602 aetatem
665 2558 835 2601 habent
858 2571 1071 2614 capacem
1090 2556 1338 2610 literarum,
1360 2556 1564 2600 oratione
1582 2571 1710 2600 asse-

123 2735 138 2756 9
188 2735 308 2782 egris,
327 2747 419 2780 mS.;
439 2741 478 2771 et
497 2736 600 2772 idem
619 2737 682 2772 dic
701 2737 749 2772 de
769 2737 908 2772 eodem
929 2739 1066 2784 verb0‚
1085 2736 1189 2783 quod
1214 2734 1377 2771 inferius
1402 2747 1479 2771 non
1504 2736 1625 2771 semel
1648 2746 1708 2769 re-

55 2794 214 2840 petitur.

127 2856 156 2876 ¹⁰
206 2855 497 2902 questionibus,
517 2868 592 2891 ms.

127 2916 154 2936 ¹¹
207 2914 445 2962 egritudine,
465 2928 558 2960 ms.,·
577 2921 617 2951 et
635 2916 739 2952 idern
758 2916 937 2963 intellige
956 2917 1005 2952 de
1025 2917 1164 2952 eodem
1184 2917 1321 2962 verbo,
1350 2915 1454 2962 quod
1485 2920 1621 2962 postea
1647 2926 1706 2948 re-

55 2973 215 3019 petitur.

130 3036 158 3055 ¹²
210 3034 364 3081 edibus,
386 3048 462 3071 ms,
665 3038 693 3058 ¹⁵
743 3037 919 3083 langore,
938 3049 1014 3072 φης.
