2018 3510
349 234 415 276 526
834 232 1050 268 MONUMEN
1058 240 1107 265 ΓΑ
1140 231 1392 268 XAVERIANA

1078 389 1161 429 59

639 474 865 517 SOCIIS
904 474 1098 517 GOAE
1129 475 1580 521 DEGENTIBUS

817 563 989 605 Malaca
1012 574 1067 604 20
1083 562 1207 619 Junii
1236 573 1345 620 1549
1372 566 1399 606 ¹.

295 646 344 679 In
370 645 591 691 Japoniam
630 645 789 679 Alalaca
823 645 973 680 solvere
997 646 1380 691 parat.—Primum
1410 659 1570 682 sacrum
1601 649 1769 685 solemni
1786 652 1871 686 ritu
1896 664 1921 687 a
1985 662 2008 688 ι

366 705 415 741 Ρ.
441 705 641 751 Alplzonso
672 705 718 739 sle
749 703 889 739 Castro
899 704 1184 750 facttum—In
1206 706 1375 741 solemni
1399 708 1690 754 supplicatione
1715 710 1924 746 Sanctissi-
1986 704 1993 730 ²·

362 775 450 798 mae
469 764 748 798 Eucharistiae
767 764 863 798 socii
876 764 1098 809 procedunt
1116 764 1483 801 linteati.—Socios
1500 767 1744 804 Malacenses
1757 770 1917 806 laudat.
1953 808 1955 810 ,
2004 800 2008 807 .

356 822 535 869 Japones
553 824 742 857 videntur
759 823 812 857 ad
822 822 948 869 fidem
967 823 1284 869 amplectendam
1298 826 1459 871 parati.

383 900 541 943 Gratia
563 908 607 943 et
630 899 823 942 charitas
845 898 1014 942 Christi
1031 899 1216 943 Domini
1239 901 1380 944 nostri
1398 902 1456 945 sit
1478 903 1714 948 nobiscum
1728 920 1918 962 semper.

298 977 460 1020 Amen.

389 1060 424 1090 1.
491 1046 661 1090 Cocino
683 1047 898 1089 solvimus
921 1047 976 1089 ad
1000 1048 1080 1090 VII
1103 1049 1293 1091 Kalend.
1319 1050 1462 1094 Maias
1484 1052 1516 1104 ²3
1542 1051 1637 1095 dies
1659 1061 1810 1096 autem
1838 1056 1920 1098 XL

293 1123 339 1164 in
367 1123 526 1167 itinere
556 1123 803 1178 posuimus,
839 1124 1038 1167 secunda
1069 1120 1536 1180 sempervaletudine
1569 1143 1621 1171 ac
1654 1137 1919 1186 tempestate

293 1199 378 1252 usi,
404 1200 526 1241 nullo
549 1201 604 1242 ab
629 1199 884 1243 Acensibus
900 1199 1109 1243 hostibus
1127 1215 1239 1257 quos
1255 1203 1682 1258 pertimescebamus
1700 1206 1913 1262 periculo.

293 1275 443 1318 Pridie
480 1277 704 1319 Kalendas
735 1276 896 1333 Junias
928 1278 1027 1319 Deo
1062 1278 1243 1321 favente
1274 1281 1528 1336 appulimus
1569 1283 1803 1336 Malacam,
1840 1284 1917 1327 ubi
1984 1282 2018 1334 ,μ’

290 1352 623 1407 perhumaniter
646 1367 697 1394 ac
720 1345 1000 1409 perbenigne
1023 1360 1118 1397 tum
1141 1370 1167 1397 a
1190 1357 1427 1400 Praefecto
1458 1358 1582 1401 urbis
1611 1360 1642 1411 ⁵,
1675 1366 1770 1402 tum
1799 1375 1825 1403 a
1853 1361 1918 1404 ci-

289 1427 428 1471 vitate
450 1428 626 1483 excepti
650 1443 821 1471 sumus.
847 1430 917 1472 Ac
941 1431 1205 1475 Praefectus
1233 1447 1304 1476 res
1326 1448 1483 1478 omnes
1510 1435 1566 1477 ad
1594 1437 1916 1492 profectionem

284 1504 546 1561 Japonicam
570 1506 845 1549 necessarias
868 1521 1044 1550 summo
1066 1507 1196 1551 nobis
1218 1510 1369 1553 studio
1391 1526 1443 1554 ac
1466 1512 1706 1556 sedulitate
1723 1515 1912 1558 curavit.

293 1581 512 1624 Oneraria
550 1584 767 1625 vehemur
785 1584 992 1633 (luncum
1024 1585 1202 1641 vocant)
1231 1585 1366 1630 Sinae
1397 1588 1590 1631 hominis
1618 1590 1813 1643 Ethnici,
1844 1591 1917 1634 cui

287 1670 541 1713 cognomen
564 1666 632 1702 est
655 1660 804 1702 Latro.
832 1661 873 1702 Is
895 1659 1162 1716 pignoribus
1190 1662 1307 1705 datis
1334 1664 1469 1708 fidem
1499 1666 1739 1709 obstrinxit
1767 1681 1912 1720 suam,

285 1748 333 1777 se
355 1733 563 1778 Sinarum
588 1735 752 1778 finibus
773 1736 1042 1792 praeteritis,
1068 1752 1150 1781 nos
1172 1738 1218 1780 in
1234 1741 1473 1796 Japoniam
1497 1757 1596 1785 esse
1625 1743 1913 1787 transmissu-

284 1824 398 1852 rum.
426 1813 640 1867 Magnam
663 1827 786 1867 spem
809 1814 957 1857 habeo
980 1814 1076 1857 fore
1093 1822 1143 1858 ut
1160 1830 1242 1858 nos
1264 1816 1514 1863 incolumes
1531 1821 1658 1863 Deus
1674 1821 1908 1876 perducat,

283 1894 331 1928 ut
354 1901 487 1929 suum
510 1887 556 1930 in
573 1888 764 1945 Japonia
780 1904 946 1934 nomen
968 1891 1177 1935 audiatur
1199 1893 1456 1949 aliquando,
1483 1911 1535 1938 ac
1553 1898 1819 1941 celebretur.

373 1975 410 2006 2.
478 1966 529 2006 P.
556 1966 819 2020 Alphonsus
841 1967 1030 2011 Castrus
1057 1969 1293 2013 nobiscum
1325 1972 1465 2026 venit,
1500 1973 1573 2015 cui
1605 1974 1874 2018 Malacensis
1895 1975 1911 1995 ¹*

281 2047 349 2083 est
379 2040 602 2083 destinata
622 2042 868 2097 provincia.
905 2045 947 2086 Is
980 2045 1196 2100 Malacae,
1232 2047 1305 2091 die
1337 2049 1646 2094 sanctissimae
1679 2051 1912 2094 Trinitatis

284 2115 412 2167 festo,
439 2117 632 2172 primum
656 2133 834 2162 sacrum
857 2121 1046 2163 solemni
1076 2121 1166 2166 ritu
1195 2137 1247 2166 ac
1276 2126 1529 2169 ceremonia
1558 2127 1679 2179 fecit,
1712 2128 1833 2182 quod
1860 2143 1913 2171 ea

283 2206 354 2233 res
377 2200 496 2236 esset
518 2193 563 2235 in
585 2195 654 2237 his
677 2195 787 2238 locis
810 2197 940 2251 plane
962 2213 1095 2242 nova.

369 2281 408 2322 3.
474 2271 605 2313 Novo
634 2272 856 2315 sacerdoti
889 2274 1098 2331 Episcopi
1131 2276 1354 2330 Vicarius,
1391 2286 1435 2323 et
1467 2281 1502 2322 F
1506 2280 1737 2324 ranciscus
1770 2267 1908 2325 Peres
1950 2310 1953 2311 ν

277 2343 546 2388 sacrificanti
569 2356 746 2401 praesto
771 2349 969 2404 fuerunt;
995 2365 1085 2408 ego
1106 2353 1163 2395 ad
1179 2355 1395 2409 populum
1415 2357 1550 2399 verba
1574 2356 1674 2400 feci.
1702 2359 1817 2401 Tota
1834 2372 1906 2402 res
1937 2400 1939 2402 .

278 2419 452 2462 civibus
474 2430 654 2477 propter
677 2424 923 2470 novitatem
945 2427 1109 2471 accidit
1130 2430 1398 2485 gratissima.
1427 2433 1605 2476 Placuit
1635 2435 1692 2477 ad
1719 2434 1907 2477 aliorum

351 2538 359 2556 ¹
413 2537 469 2570 Ex
494 2538 724 2585 TURSELL.‚
751 2541 822 2576 lib.
847 2543 919 2588 ΙΙΙ,
947 2555 1011 2590 ep.
1054 2546 1246 2582 1.—Vide
1276 2546 1470 2595 CUTILL.‚
1499 2561 1599 2585 anno
1634 2559 1738 2597 1549,
1770 2563 1833 2599 ep.
1869 2562 1904 2597 4:

277 2594 469 2640 MENCH.,
489 2597 693 2643 Append.‚
715 2611 780 2650 ep.
804 2610 839 2645 4.
860 2602 968 2637 Haec
987 2603 1153 2650 epistola
1171 2607 1234 2641 vel
1252 2607 1523 2652 praecedentis
1542 2611 1814 2657 compendium
1833 2616 1907 2657 est,
1940 2643 1943 2645 Α

277 2653 339 2686 vel
364 2652 537 2698 ejusdem
565 2659 785 2703 exemplum
811 2659 1056 2698 decurtatum
1082 2668 1122 2698 et
1147 2664 1222 2700 alia
1249 2665 1312 2700 via
1338 2666 1517 2703 missum.
1555 2669 1691 2705 Varias
1718 2670 1907 2706 lectiones
1940 2659 1944 2666 ¹

272 2721 371 2756 quae
390 2711 428 2746 in
448 2712 619 2749 CUTILL.
645 2718 822 2762 exemplo
840 2720 1100 2768 reperiuntur,
1115 2722 1278 2759 inferius
1293 2723 1333 2759 in
1345 2726 1662 2763 annotationibus
1677 2728 1905 2765 indicamus.
1938 2716 1945 2746 'f'

347 2772 360 2790 2
411 2771 454 2805 Id
472 2777 544 2814 est,
565 2781 610 2814 25
629 2775 786 2820 Aprilis
810 2778 903 2819 (non
928 2778 973 2812 26
1000 2780 1161 2826 Aprilis,
1187 2787 1230 2817 ut
1259 2783 1314 2819 ait
1343 2785 1552 2822 Menchaca
1583 2785 1622 2822 in
1652 2788 1905 2836 Prolegom„
1935 2834 1949 2838 v·
1978 2764 1980 2774 ζ

276 2839 369 2873 pag.
393 2828 545 2873 vai>z
568 2831 731 2867 Cutilias
749 2834 867 2869 habet
881 2845 924 2870 21
943 2838 1117 2883 Aprilis.
1943 2838 1945 2842 ’

346 2888 359 2906 ⁵
410 2887 574 2923 Cutillas
593 2901 681 2925 eum
701 2903 885 2938 expresse
903 2896 1076 2933 nominat
1094 2899 1254 2935 Petrum
1271 2901 1320 2937 de
1339 2902 1475 2949 Sylva.
1941 2932 1945 2949 ,=
1978 2935 1979 2939 =

345 2947 359 2966 a
408 2945 487 2991 Sic,
507 2948 576 2982 sed
594 2960 808 2996 perperam:
829 2958 935 2988 reete
954 2955 1111 3000 quidem
1130 2958 1310 3007 Cutillas‚
1336 2961 1591 3008 Molucensis;
1614 2963 1668 2999 ait
1692 2965 1808 3000 enim:
1836 2965 1903 3001 «El

274 3003 396 3039 Padre
415 3005 562 3041 Alonso
581 3007 627 3042 de
647 3007 800 3055 Castro,
815 3022 890 3057 que
907 3023 981 3048 con
995 3020 1173 3052 nosotros
1191 3018 1283 3054 vino
1301 3031 1392 3065 para
1411 3022 1446 3057 el
1465 3022 1635 3058 Maluco.
1647 3036 1663 3056 υ
1935 3015 1941 3023 Ι
