2018 3510
339 225 407 269 446
834 221 1108 256 MONUMENTA
1127 217 1379 251 XAVERIANA

295 332 567 369 mercatores
589 323 762 375 dicunt,
789 321 825 365 si
843 336 896 364 eo
914 334 985 362 me
1002 319 1270 369 conferrem3
1290 323 1334 358 et
1353 322 1401 358 ut
1419 314 1576 357 uideor
1594 313 1640 370 in
1657 311 1805 355 animo
1823 325 1922 354 meo

298 402 637 460 persentiscere,
665 401 738 444 uel
761 414 865 455 ego,
891 398 965 440 uel
987 394 1124 450 aliqui
1147 395 1203 438 de
1225 392 1467 444 Societate,
1494 404 1547 435 eo
1568 404 1651 432 nos
1673 395 1777 432 ante
1793 386 1923 431 bien—

298 480 422 522 nium
445 479 769 529 conferremus,
795 477 899 518 licet
924 473 996 516 uia
1017 479 1062 516 et
1084 472 1219 526 longa
1239 477 1284 512 et
1307 467 1557 525 periculosa
1578 466 1635 510 sit
1659 467 1717 509 ob
1740 464 1919 521 piratas,

299 556 426 599 cinos
448 554 644 606 nomine,
672 561 854 609 propter
876 565 988 607 quos
1010 548 1178 590 multae
1199 552 1390 602 pereunt
1412 558 1553 587 naues
1575 543 1622 585 in
1643 557 1697 586 eo
1718 555 1854 584 mare.

397 646 462 690 19.
529 633 669 675 Orate
690 628 949 678 Dominum,
980 623 1229 668 charissimi
1253 624 1411 666 Patres
1443 627 1487 664 et
1516 621 1691 670 fratres,
1726 632 1806 674 pro
1836 617 1923 670 his,

303 711 380 767 qui
408 712 524 752 hanc
553 706 891 763 nauigationem
920 700 1174 757 suscepturi
1202 706 1323 742 sunt.
1360 697 1541 742 Interim
1574 698 1789 751 Angerus
1821 708 1927 738 exa—

307 788 424 832 ctius
447 786 591 829 discet
613 784 815 839 linguam
840 779 1207 837 portugalensem
1229 788 1467 830 moresque
1489 779 1670 816 nostros
1686 778 1730 815 et
1746 768 1930 813 uiuendi

306 865 505 915 modum,
532 862 870 913 instrueturque
892 857 949 900 de
970 855 1055 907 his,
1080 869 1196 909 quae
1218 853 1275 896 ad
1296 853 1430 894 fidem
1449 850 1656 901 attinent,
1679 855 1931 892 uertemus-

310 956 398 997 que
421 939 709 983 christianam
733 934 982 978 doctrinam
1007 931 1054 974 in
1070 929 1389 987 japonensium
1412 927 1592 979 idioma,
1617 926 1673 969 ad
1696 924 1816 980 quod
1844 922 1934 966 uti-

312 1019 398 1062 lem
421 1030 602 1073 operam
626 1016 840 1069 Angerus
863 1009 993 1053 nobis
1015 1006 1276 1065 praestabit.

400 1107 470 1137 2o.
536 1092 624 1135 Vix
647 1097 749 1134 octo
771 1095 878 1131 sunt
900 1087 1011 1139 dies,
1036 1101 1092 1129 ex
1114 1099 1203 1140 quo
1226 1084 1272 1126 in
1294 1081 1464 1125 Indiam
1492 1080 1614 1137 regis
1644 1077 1934 1134 Portugaliae

311 1171 436 1215 redii:
463 1170 656 1212 necdum
682 1167 821 1208 ullum
843 1180 898 1208 ex
913 1163 1134 1211 ⁴Patribus
1156 1159 1395 1205 Societatis
1413 1157 1519 1211 vidi3
1538 1157 1639 1200 ideo
1655 1169 1740 1200 nec
1756 1156 1812 1199 de
1828 1153 1930 1206 illis,

312 1263 396 1292 nec
419 1248 475 1290 de
497 1247 662 1296 fructu,
689 1257 822 1298 quem
845 1255 1061 1297 magnum
1083 1239 1130 1281 in
1152 1238 1238 1281 illis
1260 1235 1519 1279 nationibus
1541 1232 1738 1289 capiunt,
1770 1230 1931 1274 scribo.

313 1326 363 1368 In
383 1327 467 1366 hac
491 1321 783 1377 nauigatione
804 1318 960 1361 Vltima
981 1330 1197 1372 magnum
1221 1311 1500 1369 tempestatis
1521 1310 1771 1367 periculum
1789 1307 1938 1350 triduo

313 1401 491 1456 integro
516 1398 633 1455 passi
656 1411 827 1448 sumus,
854 1409 989 1450 supra
1012 1407 1145 1449 quam
1167 1405 1365 1445 vnquam
1382 1394 1593 1444 expertus
1612 1385 1788 1438 fuerim3
1808 1391 1869 1437 et,
1893 1389 1940 1426 ut

314 1477 407 1520 vita
430 1482 702 1525 seruaretur,
729 1480 908 1516 caetera
929 1471 973 1513 in
997 1484 1118 1512 mare
1140 1467 1342 1524 proiecta
1364 1472 1486 1509 sunt.

406 1566 475 1595 21.
543 1553 659 1594 Cum
682 1556 833 1593 autem
856 1547 1000 1599 multi,
1027 1545 1251 1596 uiuentes,
1277 1550 1470 1586 mortem
1498 1555 1625 1584 suam
1655 1540 1938 1596 plangerent,

319 1645 422 1673 cum
460 1628 652 1671 maxime
690 1625 944 1671 desaeuiret
982 1629 1240 1678 tempestas,
1280 1622 1379 1664 Deo
1415 1633 1487 1662 me
1525 1633 1603 1674 per
1634 1622 1814 1659 sanctos
1835 1628 1942 1657 suos

319 1704 637 1761 triumphantis
675 1710 719 1748 et
749 1692 987 1744 ‘militantis
1024 1698 1253 1742 Ecclesiae
1283 1693 1617 1748 commendaui,
1653 1694 1708 1736 ab
1737 1691 1806 1735 his
1828 1691 1942 1734 inci-

318 1784 498 1841 piendo,
525 1782 601 1837 qui
624 1782 679 1823 de
702 1779 929 1824 Societate
945 1780 1055 1835 Jesu
1078 1777 1133 1818 ab
1156 1778 1240 1818 hac
1260 1773 1353 1816 vita
1374 1772 1688 1815 discesserant.
1711 1771 1767 1812 Et
1784 1782 1943 1811 reuera

321 1868 495 1903 tantum
518 1856 839 1901 consolationis
861 1855 907 1897 in
930 1855 1026 1910 ipsa
1048 1853 1094 1896 ui
1117 1849 1395 1907 tempestatis
1417 1856 1629 1904 expertus
1651 1861 1766 1899 sum,
1798 1860 1942 1900 quan-

321 1945 415 1980 tum
439 1937 494 1979 ab
518 1951 570 1980 ea
592 1934 808 1977 liberatus
827 1932 902 1975 uix
920 1945 1096 1987 possem
1115 1927 1321 1985 experiri3
1342 1940 1426 1969 nec
1445 1939 1642 1981 unquam
1659 1923 1826 1978 scripto
1842 1936 1945 1978 per—

321 2013 448 2068 sequi
471 2026 648 2068 possem
671 2016 891 2066 quantum
914 2005 1211 2063 spiritualium
1240 2001 1599 2046 consolationum
1627 1999 1814 2055 accipio,
1844 2012 1947 2041 cum

322 2104 394 2132 me
416 2089 613 2132 Domino
636 2102 714 2143 per
737 2087 897 2130 fratres
921 2082 1177 2134 SocietatiS,
1198 2088 1242 2125 et
1260 2080 1468 2123 uiuentes
1485 2086 1529 2121 et
1546 2077 1593 2119 in
1609 2077 1736 2120 coelo
1752 2089 1949 2131 regnan-

325 2173 408 2217 tes,
434 2165 715 2217 commendo3
740 2170 785 2206 et
808 2162 989 2218 quidem
1011 2158 1135 2211 mihi,
1161 2163 1447 2214 peccatorum
1470 2168 1671 2197 meorum
1697 2151 1951 2195 multitudi-

325 2257 428 2286 nem
451 2240 762 2297 cognoscenti,
788 2240 844 2282 ad
873 2236 1210 2281 confussionem
1239 2240 1308 2276 est
1329 2231 1583 2283 maximam,
1608 2229 1725 2273 inter
1747 2227 1951 2271 afflictio-

326 2333 406 2362 nes
428 2325 473 2362 et
497 2317 815 2372 trepidationes
838 2322 1002 2366 tantas,
1023 2319 1174 2355 tantae
1194 2308 1511 2354 consolationis
1527 2315 1573 2351 et
1589 2305 1756 2351 letitiae
1771 2306 1950 2360 lachry-

326 2409 421 2438 mas
444 2402 533 2436 tam
556 2394 736 2449 copiose
758 2391 978 2443 inuenire,
1004 2397 1050 2434 et
1069 2389 1150 2442 sic,
1177 2387 1340 2443 quibus
1362 2388 1509 2429 Deum
1532 2385 1713 2427 orabam
1736 2388 1787 2424 ut
1812 2381 1850 2425 si
1878 2395 1950 2425 me

330 2471 387 2513 ab
409 2472 492 2513 hac
513 2470 723 2513 liberaret
746 2473 1030 2524 tempestate,
1057 2466 1113 2509 ad
1135 2464 1221 2508 alia
1237 2462 1448 2520 grauiora
1464 2476 1545 2517 pro
1563 2459 1659 2503 eius
1675 2458 1860 2503 seruitio
1878 2471 1950 2500 re—

329 2553 543 2589 seruaret.
572 2547 698 2589 Haec
722 2544 852 2587 uobis
874 2543 1110 2588 referenda
1126 2542 1143 2597 j
1151 2540 1346 2592 udicaui,
1368 2541 1527 2582 Patres
1544 2544 1589 2581 et
1607 2537 1765 2578 fratres
1782 2533 1950 2578 charis-

329 2622 445 2675 simi,
481 2630 530 2664 ut
561 2636 631 2665 me
663 2623 719 2664 ad
740 2621 941 2666 debitum
973 2619 1084 2662 illud
1120 2617 1471 2674 persoluendum
1512 2628 1667 2657 omnes
1710 2610 1950 2664 adiuuetis,

333 2699 455 2755 quod
475 2698 571 2755 ipse
592 2713 676 2741 nec
698 2700 796 2741 Deo
818 2710 902 2740 nec
925 2696 1056 2739 uobis
1078 2710 1261 2751 possum
1284 2693 1542 2750 persoluere
1569 2692 1617 2735 ¹⁵.

423 2787 494 2818 22.
560 2775 676 2817 Cum
699 2775 756 2818 de
783 2775 869 2816 hac
898 2772 1129 2817 Societate
1157 2777 1314 2814 sancta
1339 2768 1462 2825 loqui
1489 2766 1670 2823 incipio,
1701 2766 1837 2808 finem
1868 2771 1959 2807 tam

333 2851 559 2895 iucundae
591 2848 1011 2893 communicationis
1038 2847 1244 2892 inuenire
1271 2845 1441 2890 nescio:
1473 2858 1614 2901 cogor
1641 2850 1792 2886 tamen
1818 2841 1954 2883 finem

394 3019 422 3040 ¹⁵
473 3016 751 3053 Praecedentia
769 3015 893 3051 fusius
912 3019 952 3050 et
969 3013 1178 3061 pulchriori
1197 3013 1310 3048 modo
1327 3014 1448 3048 habes
1468 3011 1506 3046 in
1525 3008 1757 3057 apographis
1770 3008 1944 3055 hispanis
