2049 3360
355 172 425 207 940
846 160 1117 194 MONUMENTA
1143 157 1394 193 XAVERIANA

309 264 452 314 virtu,
478 261 717 305 Mediolani
747 259 880 303 edito,
915 260 1063 314 Quam
1093 258 1243 301 italam
1274 257 1532 310 editionem,
1563 257 1610 300 in
1638 271 1725 312 qua
1754 264 1924 300 tantum

312 346 466 384 extare
501 339 711 381 Sonetum
749 337 1016 379 affirmatum
1056 334 1185 378 nobis
1206 342 1289 387 est,
1331 335 1495 377 frustra
1521 333 1567 377 in
1594 333 1728 377 variis
1765 333 1924 376 biblio-

315 415 472 468 thecis,
500 422 593 456 tum
617 412 807 469 publicis
830 420 925 455 tum
947 410 1145 467 privatis,
1171 410 1491 466 quaesivimus.

396 494 494 550 Jam
513 492 567 533 de
585 498 738 533 nostro
754 489 915 532 Soneio
931 488 1073 530 multa
1090 487 1220 530 multi
1237 487 1462 540 dixerunt,
1483 501 1673 542 quorum
1691 485 1926 530 sententiis

312 570 369 613 ad
392 568 511 612 aliud
549 575 725 622 ternpus
747 573 791 609 et
812 566 962 608 locum
1001 563 1288 615 transmissis,
1329 564 1499 608 interea
1519 579 1627 608 vero
1655 564 1785 607 liceat
1822 577 1925 606 sen-

315 645 498 690 tentiam
540 643 803 699 exprimere,
855 656 988 696 quam
1039 641 1085 682 in
1137 641 1287 683 Revue
1340 641 1626 696 Hispanique
1673 646 1928 696 propugnat

315 723 366 765 R.
409 720 844 764 Foulche-Delbosc.
877 719 891 740 ⁹
923 717 1011 761 Hic
1041 717 1177 769 enim,
1219 716 1397 772 rejectis
1433 731 1587 761 eorum
1626 715 1927 772 opinionibus,

314 797 391 853 qui
413 805 613 840 nostrum
639 798 868 852 hymmum
898 795 969 838 vel
998 795 1156 836 Soneto
1185 795 1259 836 Fr.
1288 795 1422 837 Petro
1450 795 1505 836 de
1528 794 1594 836 los
1617 794 1778 848 Reyes,
1805 792 1926 836 Stae.

315 874 570 925 Theresiae‚
597 874 643 917 S.
686 874 720 915 F
725 871 926 914 rancisco
950 870 1146 915 Xaverio
1169 877 1246 913 aut
1275 871 1322 914 S.
1356 869 1532 926 Ignatio
1569 868 1844 921 adscribunt,
1870 867 1931 911 ita

315 965 406 994 rem
430 950 514 993 sibi
537 949 810 1006 propositam
834 947 1044 990 absolvit:

408 1028 559 1070 «Nous
588 1040 728 1069 avons
763 1024 1142 1068 successivement
1177 1022 1381 1066 examine
1410 1023 1476 1067 les
1512 1021 1798 1065 attributions
1826 1034 1929 1076 pro-

316 1106 490 1159 posees,
516 1110 559 1147 et
583 1117 697 1145 nous
720 1116 862 1144 avons
885 1116 946 1144 vu
974 1103 1049 1155 qu’
1075 1114 1252 1144 aucune
1283 1113 1339 1143 ne
1361 1106 1469 1155 peut
1492 1099 1586 1142 etre
1608 1098 1929 1141 serieusement

315 1180 573 1223 maintenue
597 1186 693 1222 tant
717 1181 791 1233 qu’
817 1179 901 1222 elle
924 1192 980 1220 ne
1004 1190 1209 1232 reposera
1231 1190 1319 1231 que
1341 1190 1416 1219 sur
1439 1176 1519 1220 des
1539 1176 1670 1219 bases
1692 1173 1811 1217 aussi
1841 1173 1928 1216 fra-

316 1257 430 1313 giles
452 1271 539 1311 que
561 1257 696 1299 celles
718 1256 828 1298 dont
850 1269 908 1297 on
931 1257 966 1297 s'
992 1262 1060 1298 est
1082 1252 1199 1297 servi
1215 1254 1370 1309 jusqu’
1395 1254 1421 1295 a
1442 1266 1494 1296 ce
1505 1252 1624 1307 jour.
1652 1252 1727 1294 On
1744 1250 1929 1302 semble,

315 1348 370 1376 en
389 1348 577 1386 somme,
602 1335 637 1376 s’
664 1333 758 1375 etre
780 1332 911 1375 laisse
933 1331 1160 1376 entrainer
1181 1345 1260 1387 par
1282 1331 1312 1372 l'
1337 1330 1453 1372 eclat
1474 1330 1517 1371 d'
1545 1344 1606 1372 un
1628 1328 1772 1384 grand
1808 1341 1928 1369 nom:

317 1411 357 1453 le
387 1417 547 1453 sonnet
574 1417 642 1452 est
681 1408 910 1465 peut-etre
949 1415 1046 1450 tout
1083 1407 1366 1463 simplement
1395 1407 1424 1448 l’
1455 1419 1613 1448 oeuvre
1649 1405 1705 1447 de
1741 1403 1934 1458 quelque

318 1487 448 1541 poete
470 1487 633 1529 obscur
654 1486 762 1528 dont
784 1485 813 1526 l’
839 1491 1080 1540 anonymat
1102 1499 1158 1528 ne
1180 1497 1279 1526 sera
1295 1482 1457 1538 jamais
1478 1481 1667 1525 devoile'.

407 1564 532 1606 Dans
556 1569 658 1605 tous
680 1563 745 1606 les
767 1576 858 1613 cas,
890 1560 927 1603 si
955 1561 1043 1603 l'on
1070 1559 1180 1602 tient
1205 1562 1230 1602 a
1251 1560 1467 1616 proceder
1503 1556 1933 1612 methodiquement,

319 1639 349 1681 il
371 1638 581 1682 convient
602 1639 659 1683 de
681 1639 945 1682 rechercher
968 1644 1066 1679 tout
1088 1638 1131 1679 d’
1158 1637 1297 1679 abord
1325 1635 1362 1678 si
1391 1636 1434 1678 la
1461 1626 1637 1678 celebre
1665 1632 1790 1689 piece
1811 1645 1935 1686 mys-

319 1715 440 1770 tique
462 1716 608 1771 figure
644 1716 757 1758 dans
780 1728 841 1757 un
871 1713 1052 1765 recueil,
1082 1729 1140 1756 un
1163 1713 1475 1755 devocionario
1504 1726 1564 1754 ou
1593 1725 1653 1752 un
1674 1709 1785 1752 livre
1806 1708 1933 1763 quel-

317 1805 494 1846 conque
515 1791 739 1834 anterieur
761 1794 787 1833 a
816 1791 969 1844 1687.»

386 1900 400 1919 ⁹
451 1899 605 1934 «Revue
635 1899 939 1945 Hispanique...
972 1897 1103 1943 publie
1135 1907 1202 1942 par
1232 1895 1278 1930 R.
1307 1894 1681 1930 FoulcheDelbosc.
1719 1890 1936 1927 Deuxi'eme

313 1959 454 2001 annee‚
477 1956 579 2002 1895,
600 1957 746 2003 Paris,»
766 1968 832 2003 pp.
862 1963 1029 2000 120-145.
