2018 3510
334 201 403 247 358
831 202 1105 237 MONUMENTA
1131 201 1384 236 XAVERIANA

287 303 362 345 cui
386 303 499 347 forte
526 309 686 359 pectus
703 310 747 348 et
770 310 982 346 constans
1010 303 1184 346 animus
1214 309 1281 346 est
1312 303 1369 344 ad
1398 301 1669 344 obstandum
1695 301 1920 344 Persecu-
1947 0 2018 304 i

289 379 463 422 toribus
498 380 874 423 Christianorum.
1923 305 2018 502 Ι

376 466 417 510 5.
484 456 704 512 Quamvis
727 456 975 512 Episcopus
1004 455 1060 498 sit
1085 455 1318 499 Praelatus
1341 462 1432 497 tam
1462 460 1800 497 consummatae
1825 451 1924 494 vir«.

291 532 441 576 tutis²
450 567 459 586 ,
491 548 625 589 quam
661 548 736 576 rex
743 549 817 577 era
846 540 928 577 est:
962 540 1113 575 tamen
1141 531 1275 585 idem,
1308 533 1429 586 quod
1457 520 1556 574 Tua
1585 530 1797 573 Maiestas
1823 543 1915 571 non
2008 504 2014 623 Ι

291 610 486 666 ignorat,
512 610 600 653 iam
623 611 747 673 senio
770 625 880 666 grav
884 617 1001 661 atur,
1028 616 1185 664 totque
1207 608 1374 651 morbis
1397 607 1628 663 affligitur,
1650 613 1699 648 ut
1721 606 1778 648 ad
1793 605 1909 648 labo-

294 701 365 730 res
388 688 597 731 ferendos
620 701 735 741 quos
757 687 794 742 ej
805 701 854 728 us
879 686 1198 729 praefecturae
1220 691 1431 727 accurata
1454 683 1628 727 functio
1657 696 1856 725 summos
1877 681 1927 726 in

294 763 417 807 hisce
447 764 659 807 Partibus
688 762 900 818 iniungit,
930 761 1103 804 viribus
1133 761 1331 817 corporis
1359 760 1646 813 destituatur;
1679 766 1927 813 utcumque

293 840 428 883 animi
451 840 568 884 vires
590 841 635 882 in
658 855 712 884 eo
734 841 982 891 abundent,
1009 845 1053 883 et
1076 839 1122 881 in
1139 839 1235 881 dies
1251 845 1521 895 augeantur,
1541 839 1668 881 Deus
1685 835 1804 881 enim
1822 849 1923 878 eum
2009 842 2013 870 ¹

296 925 421 961 tanta
444 918 588 974 gratia
611 918 840 973 dignatur,
867 923 916 958 ut
940 923 1109 971 quanto
1126 915 1271 972 magis
1289 915 1334 958 in
1351 930 1487 959 carne
1503 914 1780 964 debilitatur,
1802 918 1929 968 tanto

298 996 400 1051 plus
422 994 770 1038 corroboretur
760 1009 805 1036 1n
834 993 1009 1049 spiritu
1043 995 1147 1049 Qua
1175 994 1288 1037 solet
1316 993 1524 1036 mercede
1552 994 1678 1035 Deus
1706 988 1928 1033 Dominus

299 1073 467 1116 Noster
490 1071 765 1115 remunerari
795 1086 873 1114 eos
902 1070 978 1126 qui
1007 1071 1173 1113 multos
1206 1084 1349 1113 annos
1381 1074 1728 1125 perseverarunt
1756 1066 1803 1108 in
1830 1065 1929 1120 ejus

301 1148 534 1204 obsequi03
567 1149 868 1204 impendendo
901 1148 1038 1191 vitam
1072 1155 1117 1191 et
1149 1135 1342 1190 aetatem
1378 1146 1610 1189 universas
1643 1141 1927 1187 exantlandis

302 1226 400 1281 ejus
428 1240 564 1269 causa
591 1225 822 1267 laboribus
850 1224 1071 1276 maximis,
1103 1238 1340 1279 quousque
1369 1224 1567 1266 referant
1596 1220 1724 1276 quasi
1752 1220 1926 1276 plenam

302 1302 535 1345 victoriam
553 1303 609 1344 de
627 1316 710 1344 suo
727 1315 913 1357 corpore
936 1301 1111 1357 spiritui
1134 1300 1305 1345 rebelli.
1332 1299 1519 1343 Talibus
1542 1298 1707 1354 quippe
1723 1296 1931 1351 indulget

304 1381 430 1423 Deus
453 1393 555 1422 eum
579 1378 860 1421 assiduarum
878 1377 1219 1421 contentionum
1239 1376 1464 1420 fructum
1454 1391 1498 1418 in
1519 1375 1675 1418 ultima
1693 1380 1856 1424 aetate,
1876 1371 1930 1414 ad

305 1457 559 1512 exemplum
583 1462 628 1498 et
649 1454 1030 1510 perseverantiam
1048 1468 1203 1497 eorum
1226 1453 1390 1508 quibus
1419 1458 1651 1509 praesunt,
1685 1465 1773 1505 quo
1795 1446 1932 1492 veluti

306 1533 648 1577 reiuvenescere
687 1547 734 1575 se
771 1531 968 1575 sentiant
1005 1530 1297 1574 renovatione
1334 1529 1633 1586 spiritualium
1664 1527 1844 1578 virium,
1878 1539 1934 1568 eo

306 1610 499 1653 maxime
523 1616 723 1665 tempore
746 1624 835 1665 quo
857 1616 1019 1652 natura
1039 1609 1207 1660 deficit,
1234 1623 1447 1664 oppressa
1464 1604 1760 1649 incommodis
1777 1604 1933 1646 decre-

306 1687 385 1744 piti
409 1687 536 1731 senii.
564 1688 629 1729 Ita
653 1694 701 1729 ut
723 1701 776 1730 ea
793 1685 1086 1742 proportione
1108 1701 1198 1742 qua
1220 1685 1385 1728 sensim
1409 1684 1560 1727 deficit
1584 1683 1678 1725 vita
1700 1682 1746 1724 in
1768 1680 1934 1723 virtute

305 1770 547 1815 transacta,
572 1770 772 1807 mutetur
794 1777 957 1819 corpus
981 1770 1209 1806 terrenum
1231 1762 1277 1804 in
1299 1761 1504 1818 spiritum
1526 1761 1782 1804 coelestem.
1805 1759 1932 1813 Quo-

306 1841 425 1884 circa
448 1840 670 1896 Episcopo
692 1839 1013 1892 necessarium,
1040 1854 1161 1883 nunc
1194 1839 1392 1894 quidem,
1428 1837 1642 1881 auxilium
1676 1843 1745 1880 est
1777 1835 1834 1877 ad
1864 1840 1931 1876 to-

306 1918 519 1962 lerandos
541 1916 676 1959 officii
699 1916 769 1959 sui
790 1917 982 1959 labores.

397 1995 439 2037 6.
506 1996 619 2037 Peto
641 1993 837 2038 Domine
860 1996 956 2036 Rex
979 2000 1024 2037 et
1045 2008 1124 2049 per
1145 1993 1230 2036 Dei
1252 1991 1519 2046 obsequium
1543 1991 1747 2041 obsecro,
1778 1995 1828 2032 ut
1850 2000 1937 2042 qua

311 2086 398 2127 ego
437 2070 686 2115 rectissima
723 2070 992 2123 intentione,
1033 2069 1439 2126 syncerissimaque
1470 2067 1660 2110 veritate
1691 2065 1837 2109 scribo
1857 2065 1940 2106 hos

313 2162 488 2199 versus,
521 2147 615 2203 pari
652 2149 751 2190 Tua
784 2147 995 2191 Maiestas
1027 2146 1253 2201 aequitate
1286 2145 1421 2189 animi
1453 2159 1505 2188 ac
1538 2145 1691 2187 favore
1721 2140 1941 2186 benevolo

317 2224 511 2280 excipiat
533 2225 655 2279 quod
677 2239 894 2280 suggero.
920 2223 1143 2267 Nimirum
1176 2224 1270 2267 sola
1290 2222 1532 2266 instinctus
1559 2235 1667 2264 cura
1688 2216 1870 2262 honoris
1895 2222 1941 2259 et

313 2300 517 2357 obsequii
569 2300 736 2353 Divini,
784 2300 1098 2356 desiderioque
1134 2315 1243 2344 vero
1284 2299 1597 2343 exonerandae
1641 2293 1953 2340 conscientiae

315 2381 440 2422 Tuae
462 2378 629 2433 regiae,
655 2392 734 2420 oro
755 2385 801 2421 et
822 2378 994 2434 flagito,
1021 2384 1071 2420 ut
1098 2392 1190 2421 non
1213 2385 1388 2420 tantum
1420 2391 1499 2432 per
1530 2376 1682 2420 literas
1713 2384 1951 2418 commen-

313 2455 394 2499 des
416 2453 505 2497 tuis
534 2454 606 2496 hic
635 2453 852 2497 Ministris
879 2468 951 2497 res
982 2454 1188 2510 obsequii
1219 2453 1388 2507 Divini3
1423 2453 1504 2497 sed
1535 2452 1669 2496 etiam
1701 2445 1939 2507 puniendis

315 2531 370 2574 iis
397 2530 474 2585 qui
502 2530 648 2573 officio
685 2533 771 2574 hac
807 2531 853 2573 in
890 2538 1017 2587 parte
1054 2531 1296 2583 defuerint,
1343 2528 1776 2574 commendationem
1812 2525 1938 2568 istam

315 2606 490 2652 sancias
513 2607 728 2663 exemplis
758 2607 903 2668 iustae
932 2607 1130 2651 ultionis.
1167 2607 1407 2651 Enimvero
1440 2605 1690 2663 periculum
1719 2609 1803 2655 est,
1833 2616 1890 2645 ne
1916 2614 1943 2643 a

316 2686 415 2728 Deo
437 2683 634 2726 Domino
655 2685 823 2727 Nostro
857 2684 1140 2729 Maiestatem
1164 2686 1307 2728 Tuam
1326 2685 1382 2727 ad
1399 2698 1533 2727 suum
1549 2681 1764 2725 iudicium
1781 2678 1947 2723 citante

318 2761 455 2817 (quod
479 2760 682 2803 futurum
703 2768 773 2803 est
794 2762 975 2815 quando
997 2761 1146 2804 minus
1175 2768 1456 2817 expectatur;
1487 2774 1571 2804 nec
1600 2773 1704 2815 spes
1731 2763 1809 2801 aut
1835 2752 1946 2797 ratio

318 2844 387 2882 est
408 2836 454 2880 id
476 2835 745 2893 declinandi)
767 2851 825 2880 ne
847 2844 972 2890 tunc,
998 2837 1199 2892 inquam,
1223 2852 1250 2881 a
1276 2839 1376 2881 Deo
1403 2836 1518 2879 irato
1545 2835 1717 2879 audias:
1749 2845 1828 2876 cur
1855 2842 1963 2873 non

386 3006 402 3025 2
453 3002 579 3050 Saepe
597 3001 776 3038 laudatus
794 3003 966 3048 joannes
983 3003 1031 3038 de
1050 3002 1363 3049 Alburquerque‚
1383 3001 1437 3039 O.
1461 3001 1506 3037 S.
1530 3002 1598 3037 Fr.
