2018 3510
59 3443 102 3510 {W

629 211 770 247 Emsr.
798 209 930 245 23.-8
952 211 1122 246 APRILIS
1152 221 1243 257 1544
1639 214 1709 262 319

112 312 321 356 dinheiro
345 326 394 354 as
416 326 550 356 vezes
573 325 661 366 que
683 311 953 356 houvesseis
976 311 1148 365 mister,
1175 328 1200 356 e
1223 313 1308 356 elle
1331 328 1403 358 me
1421 323 1651 370 prometeo
1669 332 1758 372 que

116 405 142 433 o
165 389 277 433 faria
299 391 354 432 de
379 388 521 431 muito
543 390 630 432 boa
655 390 866 433 vontade.

205 466 340 510 Olhai
364 465 505 508 muito
542 481 624 522 por
659 481 796 509 vossa
829 466 984 517 saude,
1012 465 1110 522 pois
1133 480 1236 509 com
1260 467 1346 511 ella
1380 474 1504 511 tanto
1542 470 1684 513 servis
1702 487 1757 515 ao

113 546 296 589 :Senhor
317 545 456 587 Deos.

206 623 249 665 A
272 623 483 665 Matheus
506 620 641 665 direis
663 622 721 664 da
742 621 897 664 minha
918 628 1047 678 parte
1070 636 1159 677 que
1181 637 1264 666 vos
1287 622 1407 665 sirva
1424 624 1543 676 bem;
1571 638 1595 666 6
1612 639 1660 667 56
1678 630 1758 668 vos

118 699 265 742 fordes
288 706 502 743 contente
524 699 676 752 d’elle,
703 713 792 754 que
814 713 885 741 em
909 699 1014 741 mim
1040 706 1130 742 tem
1154 699 1227 756 pai
1251 715 1276 744 6
1298 699 1403 743 mai:
1430 716 1454 744 6
1472 698 1552 760 [se]
1574 716 1655 744 vos
1673 708 1758 745 1130

115 778 183 819 for
205 776 348 819 muito
377 776 635 827 obediente,
677 791 765 831 que
804 780 891 820 1130
915 791 941 819 o
980 791 1123 832 quero
1143 792 1237 829 ver,
1264 791 1369 821 nem
1394 778 1521 821 olhar
1548 794 1631 835 por
1654 780 1754 824 elle.

112 853 300 898 Dai-lhe
322 855 429 897 todo
451 851 508 913 [o]
532 854 789 898 necessario
812 869 920 910 para
942 869 1024 898 seu
1049 854 1241 897 vestido.

201 945 244 987 4.
313 933 448 975 Ρο105
470 933 654 988 lugares
681 933 832 976 donde
866 933 1016 976 fordes
1041 932 1174 975 fareis
1206 933 1365 988 juntas
1387 947 1437 976 05
1474 935 1666 977 1101116115
1688 950 1757 979 em

112 1012 252 1054 huma
273 1017 401 1066 parte
424 1011 531 1052 hum
555 1009 644 1062 dia,
671 1025 696 1053 e
724 1023 773 1052 as
795 1010 1020 1053 molheres
1050 1016 1182 1053 outro
1210 1010 1284 1053 dia
1312 1025 1383 1053 em
1406 1018 1538 1054 outra
1569 1019 1709 1067 parte3
1736 1028 1760 1055 e

113 1087 249 1132 fareis
272 1102 361 1143 que
383 1087 520 1144 digao
542 1101 591 1130 35
613 1101 832 1142 01360605
865 1101 946 1142 por
985 1088 1117 1130 todas
1154 1102 1204 1130 as
1233 1102 1381 1141 63Ζ35,
1412 1088 1687 1144 baptizando
1709 1105 1760 1133 05

113 1180 202 1223 que
234 1170 322 1209 1130
345 1170 423 1208 sao
446 1164 725 1221 baptizados,
756 1164 893 1208 assim
922 1164 1129 1209 meninos
1157 1179 1288 1208 corno
1316 1166 1530 1222 grandes,
1569 1167 1759 1210 fazendo

113 1251 212 1287 esta
234 1250 383 1287 conta:
410 1257 500 1298 que
516 1257 563 1285 se
585 1243 778 1299 alguma
800 1257 917 1284 nova
927 1243 1016 1300 for
1032 1258 1087 1285 ao
1109 1243 1288 1295 molina,
1308 1257 1392 1299 que
1408 1259 1465 1286 va
1483 1259 1537 1286 ao
1560 1245 1759 1288 molinao

113 1322 258 1364 donde
281 1321 341 1363 lza
364 1324 458 1363 esta
480 1334 601 1377 agoa
627 1321 656 1362 ⁷.

200 1400 327 1443 Noso
349 1399 528 1443 Senhor
549 1397 644 1453 seja
665 1412 845 1454 sempre
865 1412 938 1440 em
961 1413 1095 1442 vossa
1118 1399 1295 1455 guarda
1318 1414 1343 1443 e
1365 1399 1515 1454 ajuda.

201 1479 271 1520 De
295 1478 512 1532 Manapar
536 1491 562 1519 a
585 1476 609 1518 8
634 1475 690 1518 de
713 1475 845 1518 Abril
867 1476 924 1519 de
953 1486 1080 1530 1544.

530 1554 678 1596 Vosso
701 1567 773 1596 em
797 1554 875 1595 X.⁰
899 1552 1165 1596 charissimo
1189 1554 1351 1607 Irmao,

1222 1632 1258 1674 F
1262 1645 1514 1676 RANcisco.

201 1710 458 1765 Inscriptio.
499 1709 648 1752 Outra
686 1723 795 1764 pera
817 1723 844 1751 0
882 1723 1055 1752 mesmo
1094 1707 1378 1765 [Mansillas]‚
1411 1709 1469 1753 de
1492 1711 1710 1766 Manapar
1732 1725 1758 1753 a

111 1787 206 1832 oito
228 1788 286 1831 de
303 1786 436 1830 Abril
457 1786 514 1829 de
543 1796 670 1841 1544.

181 1923 194 1942 ⁷
246 1918 374 1965 Hujus
404 1917 555 1965 periodi
585 1929 688 1964 pars,
708 1930 823 1964 quam
854 1917 996 1953 italicis
1026 1917 1319 1953 characteribus
1342 1918 1579 1964 indicamus,
1608 1919 1758 1954 nullum

108 1991 268 2016 sensum
286 1980 419 2024 habet,
439 1990 512 2013 nec
530 1977 645 2013 facile
664 1978 899 2023 intelligitur
917 1977 1011 2024 quid
1030 1978 1294 2024 suppresserit
1318 1980 1380 2013 vel
1407 1978 1618 2013 mutaverit
1644 1978 1758 2014 libra—

108 2039 201 2076 rius:
222 2038 352 2074 versio
371 2037 600 2073 Possiniana
618 2038 685 2073 ait:
713 2037 794 2073 «sie
818 2043 949 2073 tecum
980 2043 1132 2084 reputa:
1166 2038 1199 2072 si
1218 2038 1312 2085 quid
1343 2039 1468 2073 bonae
1494 2038 1618 2083 frugis
1640 2039 1758 2073 mole—

110 2099 209 2135 trina
239 2100 477 2142 elaboretur,
507 2097 741 2143 totam'ejus
766 2097 806 2132 in
836 2097 1006 2133 solidum
1031 2097 1186 2133 laudem
1218 2109 1306 2133 esse
1338 2098 1470 2143 Magni
1501 2097 1691 2132 Molitoris
1719 2104 1757 2133 et

109 2159 282 2205 Domini,
301 2159 367 2206 qui
385 2170 525 2205 aquarn
542 2157 708 2193 affundit
727 2157 830 2193 unde
856 2160 958 2193 mola
982 2164 1176 2204 versatur,
1203 2164 1243 2193 et
1261 2164 1343 2193 tota
1370 2157 1557 2193 incitatur
1581 2163 1621 2193 et
1647 2157 1757 2204 viget

109 2219 324 2255 machina.»
344 2218 423 2253 Sed
442 2218 530 2253 talis
561 2218 745 2265 periodus
774 2229 853 2253 non
884 2218 927 2253 S.
966 2217 1175 2253 Francisco
1205 2218 1276 2253 sed
1306 2217 1472 2253 Possino
1498 2217 1757 2253 adscribenda

108 2279 278 2324 videtur,
297 2278 364 2325 qui
382 2278 430 2313 de
449 2279 522 2313 hac
539 2277 690 2324 periodi
709 2283 819 2324 parte
834 2283 1067 2324 sequentem
1086 2278 1239 2324 accepit
1253 2277 1636 2313 animadversionem
1654 2277 1757 2312 inter

108 2337 382 2373 annotationes
401 2348 450 2372 ex
467 2335 592 2380 India,
613 2347 681 2382 pro
705 2336 872 2382 pleniori
889 2336 1143 2382 epistolarum
1163 2336 1203 2372 S.
1224 2336 1421 2371 Francisci
1436 2335 1715 2382 intelligentia,
1735 2347 1756 2370 3

112 2397 157 2432 Ρ.
179 2396 370 2444 Filipucei
388 2396 540 2431 missas:
562 2396 646 2432 «No
664 2397 762 2431 cabo
780 2396 830 2431 da
846 2395 903 2430 ὁ.ει
919 2402 1026 2432 carta
1044 2407 1136 2443 para
1153 2407 1176 2430 ο
1191 2397 1237 2431 Ρ.
1271 2396 1499 2442 MansiIhas,
1517 2395 1586 2430 das
1611 2407 1687 2442 que
1707 2407 1755 2430 eu

113 2457 267 2503 mando,
286 2459 370 2492 esta
388 2458 480 2491 hum
499 2455 660 2503 periodo
679 2455 821 2491 notado
842 2467 930 2491 com
948 2457 1065 2491 huma
1090 2456 1210 2501 linha,
1230 2467 1253 2490 o
1271 2456 1360 2502 qual
1381 2468 1430 2490 eu
1455 2467 1544 2490 nem
1566 2453 1754 2498 entendo,

109 2529 200 2553 nem
221 2519 312 2564 aqui
342 2517 454 2552 achei
471 2528 588 2564 quem
619 2527 641 2551 o
668 2515 838 2562 pudesse
870 2515 1074 2558 entender3
1107 2515 1253 2562 podese
1283 2515 1434 2562 deixar,
1466 2516 1552 2562 pois
1570 2516 1620 2550 he
1638 2515 1756 2550 huma

113 2588 225 2623 tegra
242 2580 461 2612 somente.»
