2049 3360
355 172 423 208 740
848 161 1119 197 MONUMBNTA
1144 160 1392 195 XAvEmANA

311 263 430 308 tania
452 263 552 307 usui
574 270 694 316 sunt,
719 263 775 306 ad
804 276 886 305 nos
914 260 1162 305 mittantur:
1197 261 1377 305 eosdem
1400 260 1519 304 enim
1547 259 1685 303 nihilo
1713 261 1807 304 fore
1828 259 1917 304 uti-
1975 247 1979 304 ζ
2012 260 2016 262 ’

308 340 440 386 liores
460 340 506 384 in
523 340 661 384 India.
687 339 842 396 Magni
871 346 1020 384 autem
1050 337 1235 382 referret
1258 337 1371 382 edici
1399 338 1479 382 abs
1507 344 1567 390 te,
1598 352 1654 381 ne
1683 336 1917 393 quisquam
1982 322 2018 366 ¹3

307 417 488 462 omnino
510 416 750 462 Societatis
772 416 991 461 Sacerdos
1013 414 1183 458 Indiam
1204 421 1377 471 peteret
1398 414 1538 472 prius,
1563 429 1695 471 quam
1716 413 1916 471 peregri·
1953 399 2004 476 ,χ’
2022 460 2023 464 ,

306 509 465 538 norum
488 493 576 537 ritu
615 495 799 537 Romam
836 492 1066 550 profectus
1103 506 1129 535 a
1167 491 1426 549 Praeposito
1462 491 1673 536 Generali
1699 491 1915 548 probatus
1976 511 1979 517 ·

307 578 440 616 esset.
1965 623 1987 630 ι

399 660 463 692 12.
530 650 617 692 Per
639 647 763 701 mihi,
790 662 868 704 per
890 646 1088 703 inquam,
1115 652 1294 703 gratum
1316 645 1416 699 erit,
1447 646 1484 689 si
1511 644 1757 690 domestico
1785 643 1917 689 alicui
1981 648 2017 707 {j

304 724 565 782 praecipies,
607 732 656 767 ut
676 739 746 768 me
769 724 825 769 de
862 723 1070 768 omnibus
1109 722 1333 776 Patribus,
1373 722 1449 778 qui
1480 721 1714 766 nobiscum
1738 721 1917 766 Parisiis
1971 730 2017 782 'J

305 803 490 845 Romam
518 808 756 854 venerunt,
787 801 933 857 deque
961 799 1152 845 coeteris
1190 799 1322 843 saciat
1349 799 1599 843 certiorem.
1636 800 1835 854 Itemque
1862 799 1917 842 de

303 877 591 922 incrementis
613 877 866 930 Societatis,
892 877 947 921 de
972 876 1292 934 Collegiorum,
1318 891 1370 920 ac
1392 877 1653 928 Domorum,
1685 875 1916 919 Professo—
1960 863 2008 941 &4

306 968 494 1010 rumque
518 956 704 998 Patrum
727 968 931 1008 numero,
956 955 1012 998 de
1029 953 1135 997 viris
1157 953 1291 998 etiam
1314 952 1568 1010 insignibus
1584 951 1630 995 in
1647 951 1916 997 Societatem
1970 942 2006 1015 ,⁴

306 1030 557 1088 adscriptis,
578 1032 723 1086 deque
745 1030 1002 1074 hominibus
1023 1030 1242 1084 doctrina,
1268 1038 1404 1086 atque
1425 1028 1675 1074 eruditione
1691 1034 1916 1086 praestan·
1983 1046 2008 1093 5

308 1108 442 1160 tibus,
468 1107 632 1163 quibus
668 1107 870 1152 Societas
906 1115 1038 1151 aucta
1060 1114 1144 1162 est,
1169 1108 1225 1151 ad
1262 1121 1344 1151 nos
1380 1106 1619 1164 diligenter
1646 1105 1921 1163 copioseque
1947 1124 1965 1161 ᾗ·

306 1184 566 1242 perscribat.
593 1183 825 1240 Ejusmodi
847 1183 965 1228 enim
987 1184 1173 1242 epistola
1195 1184 1405 1242 ingentes
1431 1184 1622 1236 labores,
1653 1197 1766 1239 quos
1803 1188 1918 1226 terra
1983 1170 2010 1205 ³¹·

308 1260 508 1317 marique
530 1267 625 1304 tum
649 1261 767 1318 apud
783 1263 997 1319 Japones‚
1025 1268 1118 1304 tum
1141 1262 1261 1319 apud
1289 1261 1420 1307 Sinas
1448 1259 1728 1318 perferimus,
1754 1273 1919 1317 magno

310 1337 465 1393 utique
485 1336 645 1380 solatio
664 1337 843 1381 levabit.
871 1339 995 1382 Deus
1017 1353 1099 1382 nos
1120 1337 1167 1381 in
1189 1337 1451 1383 coelestium
1475 1336 1700 1389 felicitate,
1725 1342 1770 1381 et
1792 1335 1844 1393 (si
1864 1350 1919 1380 ex
1950 1343 1952 1345 ’
1993 1395 1997 1400 ¹

308 1414 406 1470 ejus
431 1413 622 1471 gloriam
646 1415 846 1458 futurum
867 1415 949 1470 est)
972 1414 1017 1458 in
1039 1416 1123 1459 hac
1145 1415 1236 1459 vita
1257 1415 1521 1471 conjungat.
1543 1414 1592 1457 Id
1614 1413 1732 1458 enirn
1760 1412 1796 1456 si
1814 1411 1920 1456 mihi
1944 1433 1967 1457 v
1987 1401 1994 1442 .‘

309 1490 567 1547 imperetur,
593 1490 873 1536 obedientiae
895 1491 939 1534 vi
961 1491 1076 1536 effici
1099 1492 1224 1536 nullo
1242 1491 1424 1549 negotio
1441 1497 1603 1548 potest.
1625 1491 1797 1535 Omnes
1813 1488 1933 1534 mihi

308 1566 476 1623 liquido
498 1567 719 1611 affirmant
741 1583 766 1612 e
787 1567 996 1613 Sinarum
1018 1583 1161 1626 regno
1185 1568 1540 1625 Hierosolymam
1568 1566 1679 1611 adiri
1698 1580 1844 1624 posse.
1871 1559 1951 1625 Si,

310 1643 372 1687 ita
393 1658 493 1689 esse
514 1658 788 1701 comperero,
820 1651 928 1701 quot
960 1644 1065 1690 inde
1100 1645 1240 1690 leucis
1267 1645 1419 1699 distet,
1450 1651 1559 1702 quot
1595 1643 1816 1690 mensium
1837 1643 1920 1689 iter
1940 1639 1943 1641 ’

310 1719 384 1774 sit,
411 1720 570 1764 faciam
593 1727 643 1764 ut
664 1720 795 1765 scias.

399 1799 546 1840 Datae
578 1799 625 1841 V.
651 1798 762 1841 Idus
781 1799 972 1854 Aprilis.
999 1799 1132 1843 Anno
1153 1799 1219 1843 M.
1243 1801 1300 1844 D.
1325 1799 1431 1844 LII.
1457 1800 1568 1844 Goa.

399 1876 526 1919 Tuus
548 1874 758 1919 minimus
780 1875 913 1929 filius,
940 1876 1289 1934 longissimeque
1309 1877 1510 1930 emilam,

1145 2032 1418 2076 Franciscus
1440 2033 1680 2076 Xaverius.
