2018 3510
0 0 37 458 ς

560 186 698 221 Emsr.
725 185 881 230 73.—2o
907 187 1107 232 JANUARH
1138 196 1225 232 1549
1584 192 1653 236 503

75 287 186 330 dam.
212 287 339 329 Haec
361 285 511 329 omnia
549 288 738 342 Regem,
770 289 868 330 Deo
895 288 1011 330 bene
1027 288 1234 342 juvante,
1269 304 1347 344 per
1378 298 1501 333 tuum
1533 293 1697 335 adven-

77 369 170 405 tum
195 363 421 406 facturum
444 376 543 407 esse
562 363 756 407 confido.

163 439 204 483 6.
267 441 430 482 Petrus
453 440 707 483 Consalvus
736 440 893 483 Cocini
924 441 1148 495 Vicarius,
1179 441 1386 496 idemque
1410 452 1585 486 nostrae
1614 447 1700 488 So-

75 515 247 560 cietatis
269 515 566 559 amicissimus
588 517 772 559 mandat
790 516 870 559 tibi
888 533 966 574 per
982 517 1134 562 literas
1152 532 1283 561 suum
1313 519 1534 573 quoddam
1558 536 1699 576 nego-

74 591 199 635 tium.
227 593 322 636 Oro
345 600 389 636 te
410 599 546 649 atque
574 593 779 646 obsecro,
812 594 1026 650 quicquid
1055 595 1153 650 ejus
1181 609 1316 637 causa
1342 596 1487 639 facere
1518 598 1696 651 poteris,

70 684 126 713 ne
147 668 495 725 praetermittas,
517 677 612 712 tum
631 671 754 724 quod
777 671 834 714 ad
851 672 1024 727 Regem
1046 670 1256 728 pertinet,
1278 678 1373 713 tum
1391 673 1511 727 quod
1528 681 1699 727 spectat

66 747 121 789 ad
142 746 412 790 beneficium
450 747 720 791 Christianis
757 747 851 790 suis
890 749 1181 804 popularibus
1219 749 1484 805 expetitum.
1526 751 1596 792 Ac
1619 765 1696 805 pro

62 829 183 866 certo
204 824 372 868 habeto
395 839 499 867 eum
523 839 680 867 verum
705 839 1064 880 germanumque
1086 841 1186 870 esse
1214 826 1407 869 amicum
1441 826 1693 879 Societatis,

61 899 225 956 quippe
247 900 325 955 qui
349 901 689 955 Socios30mnes
715 901 936 944 Cocinum
954 901 1229 946 divertentes
1246 902 1525 959 perbenigne
1541 903 1695 958 hospi-

63 977 123 1019 tio
145 976 345 1033 recipiat.
366 979 468 1035 Jam
491 978 664 1021 Goanis
688 978 917 1031 Patribus,
944 979 1224 1035 caeterisque
1247 986 1343 1023 toto
1367 979 1556 1024 Oriente
1573 995 1693 1035 spar-

0 1089 3 1107 ,
63 1053 139 1107 sis,
164 1054 221 1097 ad
244 1069 376 1097 usum
399 1054 639 1099 Missarum
665 1063 768 1099 octo
790 1056 1007 1100 decemve
1030 1056 1122 1098 vini
1150 1057 1268 1100 dolia
1295 1056 1428 1100 istinc
1457 1071 1587 1100 cures
1614 1072 1692 1100 ve·

0 1176 2 1178 ,
63 1129 153 1173 lim.
184 1132 301 1174 Nam
336 1131 410 1175 hic
448 1131 631 1187 quidem
667 1133 761 1175 vini
784 1133 828 1175 in
868 1132 1062 1176 maxima
1099 1133 1384 1186 necessitate,
1426 1148 1600 1176 summa
1625 1141 1692 1176 est

62 1221 153 1249 non
174 1208 308 1250 modo
336 1207 515 1262 caritas,
547 1221 704 1252 verum
732 1209 867 1254 etiam
897 1210 1100 1266 penuria.
1130 1211 1286 1265 Itaque
1315 1209 1436 1254 Socii
1464 1210 1691 1254 Malacen—

0 1260 2 1274 .

0 1282 2 1315 i
58 1297 144 1336 seS‚
177 1284 545 1341 ComorinenseS,
586 1287 929 1340 Socotorenses,
973 1287 1258 1331 Molucenses
1296 1287 1353 1329 ad
1376 1285 1594 1330 sacrificia
1622 1286 1690 1328 vi-

0 1373 3 1415 ς
56 1374 163 1403 num
185 1361 361 1404 nullum
382 1363 568 1415 habent,
594 1370 771 1419 praeter
793 1363 838 1405 id
859 1364 982 1419 quod
1004 1363 1272 1407 subvehitur
1294 1378 1350 1406 ex
1372 1363 1513 1406 India.
1545 1362 1689 1406 Nimi-

0 1417 1 1464 Ξ
56 1450 155 1480 rum
176 1444 227 1479 ut
250 1437 475 1494 Episcopo
499 1440 660 1482 Goano
682 1446 728 1483 et
750 1441 785 1482 F
789 1439 1063 1483 ranciscanis
1084 1439 1242 1482 vinum
1265 1455 1291 1482 a
1319 1439 1551 1483 Lusitania
1579 1441 1688 1482 sub-

56 1512 334 1557 ministratur
355 1530 411 1559 ex
433 1516 631 1572 publico,
663 1516 725 1560 ita
753 1517 916 1560 Goano
954 1517 1159 1573 Collegio
1181 1520 1364 1559 sanctae
1403 1517 1543 1569 Fidei,
1569 1518 1688 1560 unde

55 1591 110 1634 ad
131 1598 335 1636 caeteros
358 1593 656 1647 submittitur,
682 1609 708 1637 a
731 1595 858 1650 Rege
876 1593 1062 1637 attribui
1084 1601 1328 1650 oporteret.

141 1682 183 1725 9.
249 1668 516 1714 Michaelem
546 1669 734 1714 Vasium
762 1672 910 1714 Goam
941 1670 1106 1723 remisi,
1139 1672 1258 1728 quod
1289 1670 1484 1714 alienum
1506 1669 1683 1725 judica-

55 1758 147 1789 rem
170 1744 318 1788 sinere
341 1761 445 1791 eum
468 1747 613 1792 redire
635 1747 682 1790 in
704 1747 999 1792 Lusitaniam.
1032 1749 1279 1804 Postquam
1308 1746 1558 1790 Antonium
1585 1747 1682 1790 Go—

54 1834 154 1864 men
192 1822 321 1867 Goae
348 1822 458 1878 vidi,
483 1824 625 1867 satius
647 1824 900 1868 existimavi
923 1826 976 1868 P.
1012 1825 1262 1881 Gasparem
1295 1823 1499 1879 Collegio
1518 1823 1681 1878 praefi-

50 1911 166 1952 cere,
191 1906 242 1942 ut
261 1900 493 1944 Antonius
515 1901 636 1944 omni
658 1902 835 1945 solutus
857 1917 966 1946 cura
986 1902 1034 1946 in
1056 1901 1364 1953 concionibus,
1386 1898 1679 1943 confessioni-

49 1974 133 2019 bus
170 1975 361 2030 civium‚
403 1978 896 2035 exercitationibusque
932 1979 1241 2036 spiritualibus
1271 1986 1392 2021 totus
1429 1984 1562 2022 esset.
1604 1977 1679 2019 Ad

48 2064 162 2107 quae
183 2053 338 2097 munia
361 2055 573 2099 obeunda
594 2057 715 2099 haud
734 2057 867 2112 paulo
893 2057 996 2113 plus
1018 2056 1154 2100 habet
1182 2070 1316 2111 quam
1343 2055 1399 2098 ad
1427 2054 1676 2110 regendum

47 2127 288 2183 facultatis,
336 2145 440 2174 cum
482 2132 746 2188 praesertim
796 2133 1071 2177 domesticae
1117 2131 1516 2176 administrationis
1560 2145 1677 2173 onus

50 2206 237 2263 egregie
259 2207 482 2252 sustineat
504 2210 681 2265 Gaspar
697 2210 770 2253 ²...

135 2294 201 2326 10.
266 2284 451 2328 Bazaini
482 2285 716 2330 Michaelis
744 2286 909 2331 Vasaei
930 2286 1036 2330 olim
1058 2285 1295 2330 Generalis
1324 2284 1475 2327 Indiae
1504 2282 1672 2327 Vicarii

45 2365 223 2415 rogatu,
249 2367 377 2404 terna
398 2376 686 2406 nummorum
709 2377 949 2407 aureorum
972 2363 1109 2406 millia
1131 2364 1226 2407 Rex
1255 2360 1461 2405 attribuit
1483 2358 1669 2402 domici—

44 2432 102 2477 lio
134 2439 402 2492 extruendo,
427 2438 504 2482 ubi
540 2439 857 2496 indigenarum
896 2440 1254 2484 Christianorum
1290 2438 1370 2481 filii
1401 2439 1663 2481 doceantur.

43 2510 130 2555 Hic
166 2513 346 2569 quidem
382 2515 534 2572 opinio
572 2523 641 2561 est
677 2518 851 2574 Regem
888 2517 1007 2560 illius
1038 2518 1198 2560 domus
1235 2514 1668 2559 administrationem

39 2601 178 2644 penes
198 2591 471 2637 Societatem
488 2600 688 2637 nostram
709 2609 810 2639 esse
830 2594 1042 2638 voluisse.
1068 2595 1184 2638 Nam
1206 2607 1309 2636 cum
1327 2591 1547 2636 Michaele
1565 2597 1670 2633 octo

39 2672 115 2708 aut
135 2681 298 2713 novem
336 2682 362 2712 e
398 2669 642 2723 Societate,
682 2670 970 2715 Franciscani
1008 2685 1087 2715 sex
1123 2677 1347 2715 venerunt
1369 2684 1394 2713 e
1415 2666 1662 2712 Lusitania.

37 2740 204 2786 Verum
225 2744 421 2790 Michael
441 2746 477 2789 F
479 2746 755 2791 ranciscanis
778 2747 1025 2791 Bazainum
1041 2747 1258 2801 devectis,
1276 2745 1512 2803 pecuniam
1531 2758 1663 2799 quam

34 2816 143 2872 Rex,
160 2827 318 2865 autore
327 2823 504 2879 Joanne
521 2823 683 2866 Castro
700 2825 917 2881 Prorege,
938 2825 996 2868 ad
1012 2823 1352 2869 conversionem
1370 2820 1661 2865 Ethnicorum

102 2925 117 2945 ¹
166 2926 277 2971 Quae
292 2926 332 2962 in
349 2927 518 2963 lusitano
532 2933 572 2964 et
585 2927 758 2975 hispanis
772 2930 963 2977 exemplis
977 2931 1050 2966 sub
1064 2942 1102 2965 n.
1123 2937 1144 2975 7
1162 2928 1423 2976 reperiuntur,
1442 2938 1486 2961 ea
1504 2935 1659 2971 respon-

35 2979 128 3018 dent
145 2984 256 3021 alteri
272 2986 387 3032 hujus
404 2987 634 3034 paragraphi
650 2988 763 3034 parti,
782 3001 898 3036 quam
915 2989 1142 3025 omittimus.
