2018 3510
4 131 13 193 3⁴}

514 219 653 255 Ems’r.
673 227 755 264 5.—
767 219 811 254 28
840 220 1103 256 SEPTEMBRJS
1133 229 1222 265 1540
1553 222 1624 259 223

43 411 69 442 e
90 398 173 440 Mr.
199 394 350 439 Pietro
374 396 573 440 Codaeio
594 398 625 419 ¹⁸
648 410 832 453 apresso
855 398 995 440 Torre
1013 398 1298 454 Maramgulo
1320 397 1365 441 in
1383 399 1425 441 la
1437 400 1610 445 stancia
1626 402 1671 444 di

47 475 129 517 Mr.
154 471 386 516 Antonino
409 474 443 516 F
448 487 640 529 reapane
665 475 713 516 ¹⁹,
741 475 872 516 Estes
894 473 1088 530 clerigos
1106 476 1310 519 eonhoce
1328 476 1500 519 Messer
1519 476 1671 522 Pietro

47 551 320 594 Domenech.

129 626 233 670 Alia
251 641 406 669 manu.
434 627 541 669 Esta
570 633 693 670 carta
721 626 975 672 mandareis
1004 632 1028 670 a
1056 628 1127 670 los.
1154 628 1322 671 Padres
1344 642 1433 684 que
1461 634 1562 674 stan
1585 630 1672 674 ala

47 705 183 747 Torre
203 704 259 746 de
281 704 562 759 Merangolo.
624 710 629 715 '

836 957 873 996 5

193 1058 478 1101 MARTINO
511 1059 593 1100 DE
625 1059 1039 1111 AZPILCUETA,
1077 1061 1516 1106 CONIMBRICAM

427 1164 699 1221 Ulyssipone
723 1166 777 1208 28
801 1166 1082 1222 Septembris
1112 1179 1221 1222 1540
1249 1171 1276 1210 ¹.

47 1270 210 1306 Xaverii
227 1281 326 1318 erga
344 1270 572 1306 Martinam
587 1274 735 1318 gratus
752 1272 1083 1319 animus.—Ejus
1100 1276 1307 1321 conspectu
1324 1277 1361 1310 et
1374 1275 1569 1321 colloquio
1580 1279 1670 1323 per·

103 1329 200 1376 frui
216 1331 635 1376 exoptat.—Amicum
652 1342 770 1365 suum
788 1332 976 1367 Blasium
999 1332 1121 1379 Lopez
1139 1334 1230 1379 ipsi,
1249 1336 1383 1380 utpote
1401 1336 1471 1380 qui
1494 1337 1618 1371 tantis
1643 1349 1667 1371 α

109 1389 192 1424 Deo
209 1389 324 1424 donis
340 1392 556 1424 exornatus
566 1389 672 1437 fuit,
687 1393 764 1437 pro
782 1391 909 1437 ipsius
927 1391 1006 1427 Dei
1023 1392 1202 1438 obsequio
1220 1395 1487 1431 commendat.

797 1497 896 1591 Jlis.

129 1628 239 1682 Muy
259 1627 528 1671 Reuerendo
552 1628 711 1672 Senor.

114 1782 141 1803 ¹⁸
188 1780 289 1818 Hinc
313 1782 464 1827 corrige
495 1781 700 1817 Possinum
724 1784 779 1826 (et
804 1789 1091 1830 consequenter
1121 1785 1388 1829 Menchaeam)
1418 1791 1458 1821 et
1488 1786 1668 1833 Cutsslas,

45 1838 107 1886 qui
122 1840 217 1875 hanc
235 1840 438 1887 epistolam
458 1841 503 1876 S.
528 1840 679 1887 Ignatio
699 1846 850 1877 tantum
869 1841 991 1877 fuisse
1010 1843 1168 1877 missam
1187 1850 1426 1890 supponunt.

113 1900 141 1921 ¹⁹
189 1899 287 1935 Vide
306 1900 613 1944 annotationem,
632 1912 747 1947 quam
764 1901 837 1936 hac
855 1901 903 1936 de
922 1913 963 1936 re
982 1903 1055 1937 sub
1072 1901 1190 1937 finem
1209 1914 1270 1949 ep.
1292 1913 1312 1938 2
1330 1903 1570 1950 scripsimus.

112 1960 123 1981 ¹
186 1959 243 1994 Ex
272 1961 526 2006 autographo,
557 1960 660 2007 quod
687 1966 865 1995 servatur
895 1960 934 1996 in
965 1962 1130 1996 oratorio
1155 1962 1313 1998 Domini
1332 1964 1507 2009 Joachim
1526 1965 1669 2000 Mariae

45 2015 208 2064 Mencos,
227 2018 380 2053 comitis
398 2018 446 2053 de
465 2019 729 2065 Guendulain,
749 2019 788 2054 in
807 2019 1099 2066 Pampilonensi
1130 2022 1240 2056 urbe.
1264 2022 1382 2057 Extat
1405 2024 1669 2070 apographum

45 2074 82 2111 in
97 2078 180 2113 cod.
204 2079 317 2113 Rom.
338 2081 505 2125 apogr„
526 2091 567 2114 n.
593 2078 632 2113 3.
656 2079 771 2114 Edita
789 2079 865 2115 fuit
884 2079 1018 2126 paucis
1037 2080 1179 2115 abhinc
1197 2080 1323 2125 annis,
1344 2093 1392 2116 ex
1406 2082 1585 2128 originali
1605 2084 1670 2119 de-

45 2142 224 2183 prompta,
244 2137 283 2172 in
300 2148 417 2184 opere
437 2139 489 2173 El
504 2139 654 2174 Doctor
668 2138 858 2174 Navarro
874 2139 968 2174 Don
986 2140 1144 2174 Martin
1158 2142 1205 2175 de
1219 2142 1498 2187 Azpilcueta...
1514 2149 1673 2179 auctore

46 2195 233 2233 MARIANO
252 2197 434 2234 ARIGITA
453 2207 480 2232 Y
505 2198 632 2242 LASA,
658 2198 828 2245 append.
860 2199 892 2243 I,
918 2210 1008 2245 pag.
1045 2199 1131 2244 561.
1165 2200 1340 2235 Alteram
1354 2201 1469 2247 hujus
1483 2203 1670 2249 epistolae

127 320 381 374 Inscriptio.
400 324 450 374 ff<
471 320 564 363 Alli
581 319 723 363 nostri
740 320 991 363 charissimi
1007 321 1054 364 in
1071 323 1190 377 Xpo.
1208 321 1369 366 fratelli
1387 325 1471 367 Mt.
1495 324 1671 381 Ignatio

47 2259 186 2300 partem
202 2261 284 2291 arte
304 2257 608 2303 photographica
627 2257 750 2292 edidit
768 2258 814 2293 P.
841 2257 938 2293 Cros
958 2258 996 2293 in
1016 2270 1133 2305 opere
1160 2260 1279 2295 Saint
1302 2261 1497 2308 Franqois
1519 2264 1566 2298 de
1590 2263 1672 2298 Xa-

47 2314 128 2350 vier
143 2318 215 2352 etc.
239 2322 271 2351 t.
295 2317 327 2363 I,
346 2328 438 2363 pag.
463 2316 708 2353 366.-Vide
727 2318 910 2363 Possm„
931 2318 1001 2353 lib.
1027 2319 1058 2362 I,
1080 2330 1144 2365 ep.
1171 2327 1205 2364 5:
1226 2319 1421 2366 CUTILL.‚
1440 2333 1541 2357 anno
1565 2331 1668 2369 1540,

48 2384 109 2420 ep.
131 2384 166 2419 4,
183 2375 248 2422 qui
266 2388 315 2411 ex
333 2379 572 2424 autographo
592 2378 696 2412 illam
716 2377 852 2421 edidit,
872 2378 1067 2424 aliquibus
1088 2384 1217 2414 tamen
1232 2380 1465 2426 suppressis:
1482 2382 1668 2428 MENCH.‚

50 2431 116 2470 lib.
139 2434 171 2480 I,
190 2444 253 2482 ep.
281 2445 316 2480 5.

113 2494 296 2531 Martinus
314 2496 362 2532 de
390 2496 620 2543 Azpilcueta
644 2502 684 2532 et
708 2496 977 2543 Jaureguizar‚
1009 2498 1268 2533 communiter
1296 2499 1443 2534 Doctor
1472 2501 1670 2539 Navarrus

46 2550 180 2600 dictus,
197 2560 311 2591 natus
329 2556 369 2590 in
387 2556 529 2603 oppido
547 2557 772 2604 Barasoain,
791 2557 1102 2604 Pampilonensis
1121 2557 1330 2603 dioecesis,
1348 2559 1412 2594 die
1439 2559 1481 2595 13
1504 2561 1668 2597 Decem-

46 2610 120 2647 bris
140 2621 240 2660 1492‚
260 2614 441 2652 «Ordinis
466 2616 751 2652 Canonicorum
778 2617 1031 2663 Regularium
1064 2618 1107 2653 S.
1143 2618 1368 2665 Augustini
1395 2619 1667 2658 Roncaevallis

45 2670 248 2720 Professor,
268 2675 328 2710 vir
345 2687 422 2711 non
441 2677 568 2712 minus
587 2677 748 2723 pietate,
768 2688 870 2724 quan
889 2677 994 2723 Juris
1013 2678 1215 2724 utriusque
1233 2677 1397 2713 scientia
1420 2681 1666 2717 commenda-

44 2728 222 2779 tissimus,
240 2734 419 2779 Tolosae,
438 2735 713 2781 Salmantieae,
733 2736 1005 2772 Conimbricae
1024 2748 1175 2772 summo
1193 2748 1280 2771 cum
1304 2739 1492 2784 applausu
1516 2739 1662 2777 docuit.

44 2787 160 2825 Tanta
177 2791 260 2838 ejus
277 2793 351 2829 fuit
368 2794 567 2830 doctrinae
585 2795 646 2830 vis
665 2800 704 2829 et
721 2795 947 2840 auctoritas,
968 2807 1045 2831 non
1064 2796 1173 2841 vulgi
1191 2797 1372 2842 opinione
1391 2799 1569 2844 collecta,
1595 2801 1664 2836 sed

45 2848 192 2894 publico
211 2852 329 2888 totius
347 2853 602 2901 Reipublicae
621 2853 867 2890 Christianae
887 2855 1113 2890 testimonio
1132 2857 1396 2902 comprobata,
1416 2862 1460 2893 ut
1477 2858 1560 2905 ejus
1579 2871 1667 2895 sen-

19 2899 25 2957 ]
47 2908 163 2944 tentia
177 2916 282 2946 certa
298 2913 487 2959 quaedam
506 2914 570 2949 lex
588 2918 629 2949 et
652 2914 763 2960 quasi
786 2916 984 2949 oraculum
1010 2915 1061 2950 sit
1084 2915 1232 2951 habita.
1266 2916 1426 2951 Romam
1452 2918 1662 2965 profectus,

19 2967 25 3017 l
50 2966 120 3002 Pio
144 2968 185 3010 V,
210 2969 411 3019 Gregorio
436 2972 554 3014 XIII,
584 2973 696 3008 Sixto
731 2974 775 3015 V,
800 2973 1057 3009 Pontificibus
1083 2974 1262 3010 Maximis
1288 2976 1539 3012 charissimus
1568 2977 1660 3014 fuit.

51 3023 191 3062 Ibidem
209 3029 306 3065 obiit
326 3039 367 3066 12
386 3032 476 3066 Kal.
501 3031 624 3078 Julias
647 3032 750 3076 1586,
770 3033 909 3068 aetatis
923 3033 1178 3079 nonagesimo
1195 3034 1370 3080 quinto.»
1389 3036 1495 3074 NAT.
1517 3037 1664 3083 ALEX.,
