<?xml version="1.0" encoding="UTF-8"?>
<!DOCTYPE html PUBLIC "-//W3C//DTD XHTML 1.0 Transitional//EN"
    "http://www.w3.org/TR/xhtml1/DTD/xhtml1-transitional.dtd">
<html xmlns="http://www.w3.org/1999/xhtml" xml:lang="en" lang="en">
 <head>
  <title>
</title>
<meta http-equiv="Content-Type" content="text/html;charset=utf-8" />
  <meta name='ocr-system' content='tesseract 3.04.00' />
  <meta name='ocr-capabilities' content='ocr_page ocr_carea ocr_par ocr_line ocrx_word'/>
</head>
<body>
  <div class='ocr_page' id='page_1' title='image "./monumentaxaveria1601fran_0793.png"; bbox 0 0 2049 3360; ppageno 0'>
   <div class='ocr_carea' id='block_1_1' title="bbox 572 201 1658 248">
    <p class='ocr_par' dir='ltr' id='par_1_1' title="bbox 572 201 1658 248">
     <span class='ocr_line' id='line_1_1' title="bbox 572 201 1658 248; baseline 0.006 -13"><span class='ocrx_word' id='word_1_1' title='bbox 572 201 707 236; x_wconf 80' lang='lat' dir='ltr'><strong>EPIST.</strong></span> <span class='ocrx_word' id='word_1_2' title='bbox 740 209 911 246; x_wconf 69' lang='lat'>117.—24</span> <span class='ocrx_word' id='word_1_3' title='bbox 942 201 1107 236; x_wconf 71' lang='lat' dir='ltr'>Apmms</span> <span class='ocrx_word' id='word_1_4' title='bbox 1137 209 1223 246; x_wconf 82' lang='lat'>1552</span> <span class='ocrx_word' id='word_1_5' title='bbox 1592 211 1658 248; x_wconf 80' lang='grc'>755</span> 
     </span>
    </p>
   </div>
   <div class='ocr_carea' id='block_1_2' title="bbox 80 300 1709 2369">
    <p class='ocr_par' dir='ltr' id='par_1_2' title="bbox 91 300 1709 741">
     <span class='ocr_line' id='line_1_2' title="bbox 92 300 1706 359; baseline 0.003 -16"><span class='ocrx_word' id='word_1_6' title='bbox 92 314 142 343; x_wconf 85' lang='grc'>05</span> <span class='ocrx_word' id='word_1_7' title='bbox 178 300 348 345; x_wconf 84' lang='lat' dir='ltr'>deixeis</span> <span class='ocrx_word' id='word_1_8' title='bbox 379 301 499 344; x_wconf 92' lang='lat' dir='ltr'>sahir</span> <span class='ocrx_word' id='word_1_9' title='bbox 528 302 643 356; x_wconf 85' lang='lat' dir='ltr'>fora;</span> <span class='ocrx_word' id='word_1_10' title='bbox 690 317 714 345; x_wconf 93' lang='lat' dir='ltr'>e</span> <span class='ocrx_word' id='word_1_11' title='bbox 743 317 790 346; x_wconf 90' lang='lat' dir='ltr'>se</span> <span class='ocrx_word' id='word_1_12' title='bbox 823 302 971 345; x_wconf 88' lang='lat' dir='ltr'>virdes</span> <span class='ocrx_word' id='word_1_13' title='bbox 1000 317 1088 358; x_wconf 91' lang='lat' dir='ltr'>que</span> <span class='ocrx_word' id='word_1_14' title='bbox 1121 307 1207 346; x_wconf 71' lang='lat' dir='ltr'>nao</span> <span class='ocrx_word' id='word_1_15' title='bbox 1245 303 1383 347; x_wconf 87' lang='lat' dir='ltr'>forem</span> <span class='ocrx_word' id='word_1_16' title='bbox 1412 318 1517 359; x_wconf 85' lang='lat' dir='ltr'>para</span> <span class='ocrx_word' id='word_1_17' title='bbox 1547 319 1619 349; x_wconf 88' lang='lat' dir='ltr'>ser</span> <span class='ocrx_word' id='word_1_18' title='bbox 1650 306 1706 348; x_wconf 82' lang='grc'>(13</span> 
     </span>
     <span class='ocr_line' id='line_1_3' title="bbox 92 377 1709 437; baseline 0.004 -18"><span class='ocrx_word' id='word_1_19' title='bbox 92 377 384 434; x_wconf 88' lang='lat' dir='ltr'>Companhia‚</span> <span class='ocrx_word' id='word_1_20' title='bbox 410 379 841 435; x_wconf 85' lang='lat' dir='ltr'>despedill-os-heis.</span> <span class='ocrx_word' id='word_1_21' title='bbox 869 381 1066 423; x_wconf 74' lang='lat' dir='ltr'>Taobem</span> <span class='ocrx_word' id='word_1_22' title='bbox 1086 380 1325 423; x_wconf 88' lang='lat' dir='ltr'>Francisco</span> <span class='ocrx_word' id='word_1_23' title='bbox 1343 381 1507 437; x_wconf 86' lang='lat' dir='ltr'>Lopez,</span> <span class='ocrx_word' id='word_1_24' title='bbox 1529 383 1709 436; x_wconf 89' lang='lat' dir='ltr'>quando</span> 
     </span>
     <span class='ocr_line' id='line_1_4' title="bbox 91 455 1709 512; baseline 0.002 -14"><span class='ocrx_word' id='word_1_25' title='bbox 91 455 185 499; x_wconf 85' lang='lat' dir='ltr'>vier</span> <span class='ocrx_word' id='word_1_26' title='bbox 206 456 263 498; x_wconf 91' lang='lat' dir='ltr'>de</span> <span class='ocrx_word' id='word_1_27' title='bbox 281 456 480 512; x_wconf 77' lang='lat' dir='ltr'>Bacaim,</span> <span class='ocrx_word' id='word_1_28' title='bbox 502 456 633 500; x_wconf 82' lang='lat' dir='ltr'>fareis</span> <span class='ocrx_word' id='word_1_29' title='bbox 666 471 754 512; x_wconf 89' lang='lat' dir='ltr'>que</span> <span class='ocrx_word' id='word_1_30' title='bbox 786 458 884 512; x_wconf 75' lang='lat' dir='ltr'>faca</span> <span class='ocrx_word' id='word_1_31' title='bbox 902 456 1167 509; x_wconf 84' lang='lat' dir='ltr'>exercicios,</span> <span class='ocrx_word' id='word_1_32' title='bbox 1188 472 1213 501; x_wconf 89' lang='lat' dir='ltr'>e</span> <span class='ocrx_word' id='word_1_33' title='bbox 1230 472 1279 502; x_wconf 88' lang='lat' dir='ltr'>se</span> <span class='ocrx_word' id='word_1_34' title='bbox 1296 457 1490 501; x_wconf 78' lang='lat' dir='ltr'>exercite</span> <span class='ocrx_word' id='word_1_35' title='bbox 1522 473 1593 501; x_wconf 89' lang='lat' dir='ltr'>em</span> <span class='ocrx_word' id='word_1_36' title='bbox 1611 460 1709 502; x_wconf 81' lang='lat' dir='ltr'>offi—</span> 
     </span>
     <span class='ocr_line' id='line_1_5' title="bbox 93 532 1709 590; baseline 0.001 -14"><span class='ocrx_word' id='word_1_37' title='bbox 93 532 185 577; x_wconf 91' lang='lat' dir='ltr'>cios</span> <span class='ocrx_word' id='word_1_38' title='bbox 205 534 345 577; x_wconf 84' lang='lat' dir='ltr'>baxos</span> <span class='ocrx_word' id='word_1_39' title='bbox 367 549 392 578; x_wconf 93' lang='lat' dir='ltr'>e</span> <span class='ocrx_word' id='word_1_40' title='bbox 412 533 652 578; x_wconf 87' lang='lat' dir='ltr'>humildes:</span> <span class='ocrx_word' id='word_1_41' title='bbox 679 547 704 576; x_wconf 89' lang='lat' dir='ltr'>e</span> <span class='ocrx_word' id='word_1_42' title='bbox 724 533 842 577; x_wconf 84' lang='lat' dir='ltr'>olhai</span> <span class='ocrx_word' id='word_1_43' title='bbox 866 548 953 589; x_wconf 88' lang='lat' dir='ltr'>que</span> <span class='ocrx_word' id='word_1_44' title='bbox 977 534 1151 577; x_wconf 90' lang='lat' dir='ltr'>tenhais</span> <span class='ocrx_word' id='word_1_45' title='bbox 1173 534 1366 590; x_wconf 86' lang='lat' dir='ltr'>especial</span> <span class='ocrx_word' id='word_1_46' title='bbox 1383 533 1575 578; x_wconf 91' lang='lat' dir='ltr'>cuidado</span> <span class='ocrx_word' id='word_1_47' title='bbox 1592 537 1709 580; x_wconf 88' lang='lat' dir='ltr'>n’es-</span> 
     </span>
     <span class='ocr_line' id='line_1_6' title="bbox 93 610 1709 669; baseline 0.002 -15"><span class='ocrx_word' id='word_1_48' title='bbox 93 617 159 655; x_wconf 87' lang='lat' dir='ltr'>tes</span> <span class='ocrx_word' id='word_1_49' title='bbox 202 618 291 655; x_wconf 90' lang='lat' dir='ltr'>tres</span> <span class='ocrx_word' id='word_1_50' title='bbox 319 611 375 655; x_wconf 89' lang='lat' dir='ltr'>de</span> <span class='ocrx_word' id='word_1_51' title='bbox 393 625 442 654; x_wconf 89' lang='lat' dir='ltr'>os</span> <span class='ocrx_word' id='word_1_52' title='bbox 471 610 722 667; x_wconf 86' lang='lat' dir='ltr'>aproveitar</span> <span class='ocrx_word' id='word_1_53' title='bbox 752 626 822 655; x_wconf 91' lang='lat' dir='ltr'>em</span> <span class='ocrx_word' id='word_1_54' title='bbox 860 626 885 653; x_wconf 94' lang='grc'>0</span> <span class='ocrx_word' id='word_1_55' title='bbox 924 610 1121 667; x_wconf 91' lang='lat' dir='ltr'>espirito,</span> <span class='ocrx_word' id='word_1_56' title='bbox 1148 626 1319 667; x_wconf 88' lang='lat' dir='ltr'>porque</span> <span class='ocrx_word' id='word_1_57' title='bbox 1359 625 1429 653; x_wconf 91' lang='lat' dir='ltr'>me</span> <span class='ocrx_word' id='word_1_58' title='bbox 1464 618 1584 655; x_wconf 87' lang='lat' dir='ltr'>temo</span> <span class='ocrx_word' id='word_1_59' title='bbox 1622 627 1709 669; x_wconf 92' lang='lat' dir='ltr'>que</span> 
     </span>
     <span class='ocr_line' id='line_1_7' title="bbox 92 687 1514 741; baseline 0 -10"><span class='ocrx_word' id='word_1_60' title='bbox 92 689 255 733; x_wconf 78' lang='lat' dir='ltr'>tenhao</span> <span class='ocrx_word' id='word_1_61' title='bbox 275 687 583 741; x_wconf 87' lang='lat' dir='ltr'>necessidade,</span> <span class='ocrx_word' id='word_1_62' title='bbox 604 703 629 731; x_wconf 92' lang='lat' dir='ltr'>e</span> <span class='ocrx_word' id='word_1_63' title='bbox 652 688 784 731; x_wconf 87' lang='lat' dir='ltr'>assim</span> <span class='ocrx_word' id='word_1_64' title='bbox 809 690 1005 733; x_wconf 88' lang='lat' dir='ltr'>tambem</span> <span class='ocrx_word' id='word_1_65' title='bbox 1029 689 1085 732; x_wconf 90' lang='lat' dir='ltr'>de</span> <span class='ocrx_word' id='word_1_66' title='bbox 1108 689 1237 731; x_wconf 91' lang='lat' dir='ltr'>todos</span> <span class='ocrx_word' id='word_1_67' title='bbox 1259 703 1310 731; x_wconf 94' lang='lat' dir='ltr'>os</span> <span class='ocrx_word' id='word_1_68' title='bbox 1333 688 1514 733; x_wconf 89' lang='lat' dir='ltr'>demais.</span> 
     </span>
    </p>

    <p class='ocr_par' dir='ltr' id='par_1_3' title="bbox 85 766 1706 1288">
     <span class='ocr_line' id='line_1_8' title="bbox 182 766 1706 823; baseline 0.001 -13"><span class='ocrx_word' id='word_1_69' title='bbox 182 779 246 810; x_wconf 91' lang='lat'>11.</span> <span class='ocrx_word' id='word_1_70' title='bbox 313 767 507 822; x_wconf 76' lang='lat' dir='ltr'>Quando</span> <span class='ocrx_word' id='word_1_71' title='bbox 530 766 797 810; x_wconf 88' lang='lat' dir='ltr'>mandardes</span> <span class='ocrx_word' id='word_1_72' title='bbox 819 781 846 809; x_wconf 96' lang='lat' dir='ltr'>o</span> <span class='ocrx_word' id='word_1_73' title='bbox 880 767 1024 810; x_wconf 86' lang='lat' dir='ltr'>Padre</span> <span class='ocrx_word' id='word_1_74' title='bbox 1046 780 1071 809; x_wconf 88' lang='lat' dir='ltr'>e</span> <span class='ocrx_word' id='word_1_75' title='bbox 1102 781 1128 808; x_wconf 96' lang='lat' dir='ltr'>o</span> <span class='ocrx_word' id='word_1_76' title='bbox 1152 766 1296 809; x_wconf 76' lang='lat' dir='ltr'>Irmao</span> <span class='ocrx_word' id='word_1_77' title='bbox 1322 781 1429 823; x_wconf 91' lang='lat' dir='ltr'>para</span> <span class='ocrx_word' id='word_1_78' title='bbox 1457 780 1484 809; x_wconf 93' lang='grc'>0</span> <span class='ocrx_word' id='word_1_79' title='bbox 1506 767 1619 809; x_wconf 89' lang='lat' dir='ltr'>cabo</span> <span class='ocrx_word' id='word_1_80' title='bbox 1651 768 1706 811; x_wconf 90' lang='lat' dir='ltr'>de</span> 
     </span>
     <span class='ocr_line' id='line_1_9' title="bbox 88 842 1704 900; baseline -0.001 -12"><span class='ocrx_word' id='word_1_81' title='bbox 88 843 330 897; x_wconf 83' lang='lat' dir='ltr'>Comorim,</span> <span class='ocrx_word' id='word_1_82' title='bbox 356 844 437 887; x_wconf 93' lang='lat' dir='ltr'>dos</span> <span class='ocrx_word' id='word_1_83' title='bbox 459 844 573 886; x_wconf 88' lang='lat' dir='ltr'>dous</span> <span class='ocrx_word' id='word_1_84' title='bbox 596 842 757 888; x_wconf 85' lang='lat' dir='ltr'>calices</span> <span class='ocrx_word' id='word_1_85' title='bbox 774 843 830 888; x_wconf 86' lang='lat' dir='ltr'>de</span> <span class='ocrx_word' id='word_1_86' title='bbox 852 850 994 900; x_wconf 85' lang='lat' dir='ltr'>prata,</span> <span class='ocrx_word' id='word_1_87' title='bbox 1021 858 1108 899; x_wconf 88' lang='lat' dir='ltr'>que</span> <span class='ocrx_word' id='word_1_88' title='bbox 1130 858 1210 886; x_wconf 90' lang='lat' dir='ltr'>vos</span> <span class='ocrx_word' id='word_1_89' title='bbox 1228 844 1408 897; x_wconf 72' lang='lat' dir='ltr'>ficaraO,</span> <span class='ocrx_word' id='word_1_90' title='bbox 1440 845 1537 887; x_wconf 90' lang='lat' dir='ltr'>lhes</span> <span class='ocrx_word' id='word_1_91' title='bbox 1559 843 1704 886; x_wconf 82' lang='lat' dir='ltr'>dareis</span> 
     </span>
     <span class='ocr_line' id='line_1_10' title="bbox 85 920 1702 978; baseline 0.001 -14"><span class='ocrx_word' id='word_1_92' title='bbox 85 923 209 974; x_wconf 90' lang='lat' dir='ltr'>hum,</span> <span class='ocrx_word' id='word_1_93' title='bbox 235 936 404 978; x_wconf 90' lang='lat' dir='ltr'>porque</span> <span class='ocrx_word' id='word_1_94' title='bbox 428 923 535 964; x_wconf 89' lang='lat' dir='ltr'>hum</span> <span class='ocrx_word' id='word_1_95' title='bbox 553 920 747 964; x_wconf 77' lang='lat' dir='ltr'>christao</span> <span class='ocrx_word' id='word_1_96' title='bbox 766 921 822 963; x_wconf 92' lang='lat' dir='ltr'>do</span> <span class='ocrx_word' id='word_1_97' title='bbox 841 922 952 964; x_wconf 91' lang='lat' dir='ltr'>cabo</span> <span class='ocrx_word' id='word_1_98' title='bbox 969 922 1025 965; x_wconf 93' lang='lat' dir='ltr'>de</span> <span class='ocrx_word' id='word_1_99' title='bbox 1043 920 1269 964; x_wconf 88' lang='lat' dir='ltr'>Comorim</span> <span class='ocrx_word' id='word_1_100' title='bbox 1288 923 1388 963; x_wconf 87' lang='lat' dir='ltr'>n’os</span> <span class='ocrx_word' id='word_1_101' title='bbox 1407 928 1581 977; x_wconf 89' lang='lat' dir='ltr'>tempos</span> <span class='ocrx_word' id='word_1_102' title='bbox 1598 936 1702 978; x_wconf 87' lang='lat' dir='ltr'>pas—</span> 
     </span>
     <span class='ocr_line' id='line_1_11' title="bbox 86 997 1702 1054; baseline -0.002 -11"><span class='ocrx_word' id='word_1_103' title='bbox 86 999 217 1043; x_wconf 88' lang='lat' dir='ltr'>sados</span> <span class='ocrx_word' id='word_1_104' title='bbox 234 999 429 1041; x_wconf 89' lang='lat' dir='ltr'>mandou</span> <span class='ocrx_word' id='word_1_105' title='bbox 446 997 620 1041; x_wconf 86' lang='lat' dir='ltr'>dineiro</span> <span class='ocrx_word' id='word_1_106' title='bbox 636 1012 743 1054; x_wconf 91' lang='lat' dir='ltr'>para</span> <span class='ocrx_word' id='word_1_107' title='bbox 760 999 869 1041; x_wconf 87' lang='lat' dir='ltr'>hum</span> <span class='ocrx_word' id='word_1_108' title='bbox 887 997 1017 1041; x_wconf 86' lang='lat' dir='ltr'>calix:</span> <span class='ocrx_word' id='word_1_109' title='bbox 1040 998 1278 1042; x_wconf 72' lang='lat' dir='ltr'>receberao</span> <span class='ocrx_word' id='word_1_110' title='bbox 1296 1004 1390 1042; x_wconf 89' lang='lat' dir='ltr'>este</span> <span class='ocrx_word' id='word_1_111' title='bbox 1408 998 1612 1042; x_wconf 87' lang='lat' dir='ltr'>dinheiro</span> <span class='ocrx_word' id='word_1_112' title='bbox 1631 1013 1702 1042; x_wconf 90' lang='lat' dir='ltr'>em</span> 
     </span>
     <span class='ocr_line' id='line_1_12' title="bbox 86 1074 1700 1132; baseline -0.001 -13"><span class='ocrx_word' id='word_1_113' title='bbox 86 1091 192 1120; x_wconf 90' lang='lat' dir='ltr'>caza</span> <span class='ocrx_word' id='word_1_114' title='bbox 213 1092 239 1120; x_wconf 92' lang='grc'>6</span> <span class='ocrx_word' id='word_1_115' title='bbox 261 1091 288 1119; x_wconf 96' lang='grc'>0</span> <span class='ocrx_word' id='word_1_116' title='bbox 311 1082 537 1132; x_wconf 82' lang='lat' dir='ltr'>gastaram</span> <span class='ocrx_word' id='word_1_117' title='bbox 560 1090 654 1119; x_wconf 91' lang='lat' dir='ltr'>sem</span> <span class='ocrx_word' id='word_1_118' title='bbox 677 1075 863 1118; x_wconf 89' lang='lat' dir='ltr'>mandar</span> <span class='ocrx_word' id='word_1_119' title='bbox 884 1090 910 1117; x_wconf 97' lang='grc'>0</span> <span class='ocrx_word' id='word_1_120' title='bbox 940 1074 1070 1128; x_wconf 85' lang='lat' dir='ltr'>calix;</span> <span class='ocrx_word' id='word_1_121' title='bbox 1102 1089 1127 1117; x_wconf 88' lang='lat' dir='ltr'>e</span> <span class='ocrx_word' id='word_1_122' title='bbox 1154 1081 1285 1117; x_wconf 86' lang='lat' dir='ltr'>outro</span> <span class='ocrx_word' id='word_1_123' title='bbox 1316 1074 1446 1128; x_wconf 82' lang='lat' dir='ltr'>calix,</span> <span class='ocrx_word' id='word_1_124' title='bbox 1483 1089 1570 1130; x_wconf 89' lang='lat' dir='ltr'>que</span> <span class='ocrx_word' id='word_1_125' title='bbox 1598 1076 1700 1127; x_wconf 88' lang='lat' dir='ltr'>fica,</span> 
     </span>
     <span class='ocr_line' id='line_1_13' title="bbox 86 1153 1700 1210; baseline -0.001 -14"><span class='ocrx_word' id='word_1_126' title='bbox 86 1153 290 1210; x_wconf 90' lang='lat' dir='ltr'>podereis</span> <span class='ocrx_word' id='word_1_127' title='bbox 312 1153 497 1196; x_wconf 75' lang='lat' dir='ltr'>mandas</span> <span class='ocrx_word' id='word_1_128' title='bbox 517 1167 617 1195; x_wconf 91' lang='lat' dir='ltr'>com</span> <span class='ocrx_word' id='word_1_129' title='bbox 636 1167 662 1196; x_wconf 94' lang='lat' dir='ltr'>o</span> <span class='ocrx_word' id='word_1_130' title='bbox 680 1153 842 1206; x_wconf 84' lang='lat' dir='ltr'>Padre,</span> <span class='ocrx_word' id='word_1_131' title='bbox 862 1166 950 1207; x_wconf 90' lang='lat' dir='ltr'>que</span> <span class='ocrx_word' id='word_1_132' title='bbox 974 1153 1040 1194; x_wconf 88' lang='lat' dir='ltr'>for</span> <span class='ocrx_word' id='word_1_133' title='bbox 1063 1154 1259 1209; x_wconf 86' lang='lat' dir='ltr'>aJapam</span> <span class='ocrx_word' id='word_1_134' title='bbox 1281 1167 1307 1195; x_wconf 97' lang='lat' dir='ltr'>o</span> <span class='ocrx_word' id='word_1_135' title='bbox 1330 1167 1447 1195; x_wconf 91' lang='lat' dir='ltr'>anno</span> <span class='ocrx_word' id='word_1_136' title='bbox 1471 1167 1559 1207; x_wconf 89' lang='lat' dir='ltr'>que</span> <span class='ocrx_word' id='word_1_137' title='bbox 1583 1167 1700 1205; x_wconf 81' lang='lat' dir='ltr'>vem,</span> 
     </span>
     <span class='ocr_line' id='line_1_14' title="bbox 86 1228 1222 1288; baseline -0.003 -14"><span class='ocrx_word' id='word_1_138' title='bbox 86 1244 256 1288; x_wconf 91' lang='lat' dir='ltr'>porque</span> <span class='ocrx_word' id='word_1_139' title='bbox 279 1245 348 1275; x_wconf 91' lang='lat' dir='ltr'>em</span> <span class='ocrx_word' id='word_1_140' title='bbox 366 1232 507 1288; x_wconf 74' lang='lat' dir='ltr'>Japao</span> <span class='ocrx_word' id='word_1_141' title='bbox 530 1234 615 1273; x_wconf 74' lang='lat' dir='ltr'>nao</span> <span class='ocrx_word' id='word_1_142' title='bbox 638 1231 696 1272; x_wconf 91' lang='lat' dir='ltr'>ha</span> <span class='ocrx_word' id='word_1_143' title='bbox 718 1229 828 1272; x_wconf 90' lang='lat' dir='ltr'>mais</span> <span class='ocrx_word' id='word_1_144' title='bbox 850 1243 937 1285; x_wconf 88' lang='lat' dir='ltr'>que</span> <span class='ocrx_word' id='word_1_145' title='bbox 960 1230 1068 1272; x_wconf 90' lang='lat' dir='ltr'>hum</span> <span class='ocrx_word' id='word_1_146' title='bbox 1093 1228 1222 1272; x_wconf 82' lang='lat' dir='ltr'>calix.</span> 
     </span>
    </p>

    <p class='ocr_par' dir='ltr' id='par_1_4' title="bbox 84 1305 1704 1816">
     <span class='ocr_line' id='line_1_15' title="bbox 180 1305 1704 1363; baseline -0.001 -12"><span class='ocrx_word' id='word_1_147' title='bbox 180 1320 244 1351; x_wconf 86' lang='lat'>12.</span> <span class='ocrx_word' id='word_1_148' title='bbox 311 1307 506 1363; x_wconf 74' lang='lat' dir='ltr'>Quando</span> <span class='ocrx_word' id='word_1_149' title='bbox 535 1322 607 1350; x_wconf 90' lang='lat' dir='ltr'>me</span> <span class='ocrx_word' id='word_1_150' title='bbox 629 1306 917 1351; x_wconf 88' lang='lat' dir='ltr'>escreverdes</span> <span class='ocrx_word' id='word_1_151' title='bbox 953 1321 979 1349; x_wconf 93' lang='lat' dir='ltr'>a</span> <span class='ocrx_word' id='word_1_152' title='bbox 1009 1306 1212 1358; x_wconf 86' lang='lat' dir='ltr'>Mallaca,</span> <span class='ocrx_word' id='word_1_153' title='bbox 1245 1305 1541 1350; x_wconf 89' lang='lat' dir='ltr'>escrevei—me</span> <span class='ocrx_word' id='word_1_154' title='bbox 1563 1305 1704 1349; x_wconf 87' lang='lat' dir='ltr'>muito</span> 
     </span>
     <span class='ocr_line' id='line_1_16' title="bbox 84 1383 1702 1442; baseline -0.001 -14"><span class='ocrx_word' id='word_1_155' title='bbox 84 1386 225 1442; x_wconf 82' lang='lat' dir='ltr'>largo,</span> <span class='ocrx_word' id='word_1_156' title='bbox 260 1398 432 1441; x_wconf 87' lang='lat' dir='ltr'>porque</span> <span class='ocrx_word' id='word_1_157' title='bbox 452 1383 595 1427; x_wconf 90' lang='lat' dir='ltr'>muito</span> <span class='ocrx_word' id='word_1_158' title='bbox 618 1383 806 1440; x_wconf 84' lang='lat' dir='ltr'>folgarei</span> <span class='ocrx_word' id='word_1_159' title='bbox 828 1398 899 1427; x_wconf 91' lang='lat' dir='ltr'>ern</span> <span class='ocrx_word' id='word_1_160' title='bbox 921 1384 986 1426; x_wconf 90' lang='lat' dir='ltr'>ler</span> <span class='ocrx_word' id='word_1_161' title='bbox 1007 1398 1162 1426; x_wconf 91' lang='lat' dir='ltr'>vossas</span> <span class='ocrx_word' id='word_1_162' title='bbox 1185 1389 1352 1436; x_wconf 86' lang='lat' dir='ltr'>cartas;</span> <span class='ocrx_word' id='word_1_163' title='bbox 1384 1398 1408 1426; x_wconf 92' lang='lat' dir='ltr'>e</span> <span class='ocrx_word' id='word_1_164' title='bbox 1438 1384 1599 1427; x_wconf 85' lang='lat' dir='ltr'>n’ellas</span> <span class='ocrx_word' id='word_1_165' title='bbox 1630 1397 1702 1426; x_wconf 90' lang='lat' dir='ltr'>me</span> 
     </span>
     <span class='ocr_line' id='line_1_17' title="bbox 85 1460 1699 1517; baseline -0.001 -11"><span class='ocrx_word' id='word_1_166' title='bbox 85 1461 354 1507; x_wconf 89' lang='lat' dir='ltr'>escrevereis</span> <span class='ocrx_word' id='word_1_167' title='bbox 377 1475 517 1504; x_wconf 86' lang='lat' dir='ltr'>novas</span> <span class='ocrx_word' id='word_1_168' title='bbox 539 1461 594 1505; x_wconf 88' lang='lat' dir='ltr'>de</span> <span class='ocrx_word' id='word_1_169' title='bbox 618 1461 746 1504; x_wconf 91' lang='lat' dir='ltr'>todos</span> <span class='ocrx_word' id='word_1_170' title='bbox 771 1475 822 1504; x_wconf 91' lang='lat' dir='ltr'>os</span> <span class='ocrx_word' id='word_1_171' title='bbox 845 1462 1028 1514; x_wconf 77' lang='lat' dir='ltr'>Irmaos,</span> <span class='ocrx_word' id='word_1_172' title='bbox 1054 1474 1140 1515; x_wconf 90' lang='lat' dir='ltr'>que</span> <span class='ocrx_word' id='word_1_173' title='bbox 1169 1465 1294 1505; x_wconf 76' lang='lat' dir='ltr'>estao</span> <span class='ocrx_word' id='word_1_174' title='bbox 1328 1462 1405 1502; x_wconf 89' lang='lat' dir='ltr'>n’o</span> <span class='ocrx_word' id='word_1_175' title='bbox 1440 1460 1645 1517; x_wconf 84' lang='lat' dir='ltr'>Collegio</span> <span class='ocrx_word' id='word_1_176' title='bbox 1675 1475 1699 1504; x_wconf 92' lang='lat' dir='ltr'>e</span> 
     </span>
     <span class='ocr_line' id='line_1_18' title="bbox 84 1537 1700 1594; baseline 0 -13"><span class='ocrx_word' id='word_1_177' title='bbox 84 1540 193 1593; x_wconf 83' lang='lat' dir='ltr'>fora3</span> <span class='ocrx_word' id='word_1_178' title='bbox 219 1554 243 1583; x_wconf 90' lang='lat' dir='ltr'>e</span> <span class='ocrx_word' id='word_1_179' title='bbox 266 1554 291 1582; x_wconf 90' lang='grc'>3</span> <span class='ocrx_word' id='word_1_180' title='bbox 326 1539 438 1582; x_wconf 89' lang='lat' dir='ltr'>letra</span> <span class='ocrx_word' id='word_1_181' title='bbox 474 1538 568 1594; x_wconf 88' lang='lat' dir='ltr'>seja</span> <span class='ocrx_word' id='word_1_182' title='bbox 590 1538 646 1582; x_wconf 89' lang='lat' dir='ltr'>de</span> <span class='ocrx_word' id='word_1_183' title='bbox 667 1538 848 1594; x_wconf 82' lang='lat' dir='ltr'>alguem</span> <span class='ocrx_word' id='word_1_184' title='bbox 867 1553 954 1594; x_wconf 89' lang='lat' dir='ltr'>que</span> <span class='ocrx_word' id='word_1_185' title='bbox 976 1552 1159 1583; x_wconf 86' lang='lat' dir='ltr'>escreva</span> <span class='ocrx_word' id='word_1_186' title='bbox 1181 1538 1298 1580; x_wconf 90' lang='lat' dir='ltr'>bem.</span> <span class='ocrx_word' id='word_1_187' title='bbox 1326 1538 1393 1580; x_wconf 93' lang='lat' dir='ltr'>As</span> <span class='ocrx_word' id='word_1_188' title='bbox 1410 1544 1556 1580; x_wconf 90' lang='lat' dir='ltr'>cartas</span> <span class='ocrx_word' id='word_1_189' title='bbox 1574 1537 1700 1581; x_wconf 77' lang='lat' dir='ltr'>hirao</span> 
     </span>
     <span class='ocr_line' id='line_1_19' title="bbox 84 1614 1702 1671; baseline -0.002 -11"><span class='ocrx_word' id='word_1_190' title='bbox 84 1631 110 1660; x_wconf 93' lang='lat' dir='ltr'>a</span> <span class='ocrx_word' id='word_1_191' title='bbox 130 1616 369 1660; x_wconf 86' lang='lat' dir='ltr'>Francisco</span> <span class='ocrx_word' id='word_1_192' title='bbox 392 1618 530 1661; x_wconf 86' lang='lat' dir='ltr'>Peres</span> <span class='ocrx_word' id='word_1_193' title='bbox 553 1631 578 1659; x_wconf 93' lang='lat' dir='ltr'>a</span> <span class='ocrx_word' id='word_1_194' title='bbox 600 1616 804 1669; x_wconf 84' lang='lat' dir='ltr'>Mallaca3</span> <span class='ocrx_word' id='word_1_195' title='bbox 829 1631 854 1660; x_wconf 91' lang='grc'>6</span> <span class='ocrx_word' id='word_1_196' title='bbox 876 1615 969 1671; x_wconf 85' lang='lat' dir='ltr'>seja</span> <span class='ocrx_word' id='word_1_197' title='bbox 1001 1622 1096 1659; x_wconf 89' lang='lat' dir='ltr'>este</span> <span class='ocrx_word' id='word_1_198' title='bbox 1128 1614 1394 1670; x_wconf 88' lang='lat' dir='ltr'>Septembro</span> <span class='ocrx_word' id='word_1_199' title='bbox 1416 1629 1504 1670; x_wconf 89' lang='lat' dir='ltr'>que</span> <span class='ocrx_word' id='word_1_200' title='bbox 1527 1629 1597 1658; x_wconf 88' lang='lat' dir='ltr'>me</span> <span class='ocrx_word' id='word_1_201' title='bbox 1629 1629 1702 1659; x_wconf 91' lang='grc'>65-</span> 
     </span>
     <span class='ocr_line' id='line_1_20' title="bbox 85 1690 1701 1750; baseline -0.001 -13"><span class='ocrx_word' id='word_1_202' title='bbox 85 1694 271 1747; x_wconf 88' lang='lat' dir='ltr'>crevais,</span> <span class='ocrx_word' id='word_1_203' title='bbox 296 1709 354 1738; x_wconf 90' lang='lat' dir='ltr'>en</span> <span class='ocrx_word' id='word_1_204' title='bbox 374 1710 400 1737; x_wconf 87' lang='grc'>3</span> <span class='ocrx_word' id='word_1_205' title='bbox 429 1708 515 1737; x_wconf 91' lang='lat' dir='ltr'>nao</span> <span class='ocrx_word' id='word_1_206' title='bbox 544 1708 631 1750; x_wconf 89' lang='lat' dir='ltr'>que</span> <span class='ocrx_word' id='word_1_207' title='bbox 659 1694 727 1736; x_wconf 90' lang='lat' dir='ltr'>for</span> <span class='ocrx_word' id='word_1_208' title='bbox 759 1708 865 1750; x_wconf 91' lang='lat' dir='ltr'>para</span> <span class='ocrx_word' id='word_1_209' title='bbox 888 1693 1058 1745; x_wconf 87' lang='lat' dir='ltr'>Banda,</span> <span class='ocrx_word' id='word_1_210' title='bbox 1093 1706 1264 1749; x_wconf 85' lang='lat' dir='ltr'>porque</span> <span class='ocrx_word' id='word_1_211' title='bbox 1290 1693 1326 1735; x_wconf 93' lang='lat' dir='ltr'>F</span> <span class='ocrx_word' id='word_1_212' title='bbox 1329 1690 1530 1735; x_wconf 87' lang='lat' dir='ltr'>rancisco</span> <span class='ocrx_word' id='word_1_213' title='bbox 1564 1694 1701 1736; x_wconf 83' lang='lat' dir='ltr'>Peres</span> 
     </span>
     <span class='ocr_line' id='line_1_21' title="bbox 87 1769 1114 1816; baseline -0.002 -2"><span class='ocrx_word' id='word_1_214' title='bbox 87 1776 181 1816; x_wconf 81' lang='lat' dir='ltr'>tera</span> <span class='ocrx_word' id='word_1_215' title='bbox 201 1773 305 1815; x_wconf 89' lang='lat' dir='ltr'>born</span> <span class='ocrx_word' id='word_1_216' title='bbox 329 1771 520 1814; x_wconf 89' lang='lat' dir='ltr'>cuidado</span> <span class='ocrx_word' id='word_1_217' title='bbox 552 1772 607 1815; x_wconf 87' lang='lat' dir='ltr'>de</span> <span class='ocrx_word' id='word_1_218' title='bbox 629 1786 677 1814; x_wconf 90' lang='lat' dir='ltr'>as</span> <span class='ocrx_word' id='word_1_219' title='bbox 700 1773 886 1814; x_wconf 90' lang='lat' dir='ltr'>mandar</span> <span class='ocrx_word' id='word_1_220' title='bbox 908 1774 933 1814; x_wconf 77' lang='lat' dir='ltr'>a</span> <span class='ocrx_word' id='word_1_221' title='bbox 955 1769 1114 1814; x_wconf 86' lang='lat' dir='ltr'>China.</span> 
     </span>
    </p>

    <p class='ocr_par' dir='ltr' id='par_1_5' title="bbox 80 1845 1700 2294">
     <span class='ocr_line' id='line_1_22' title="bbox 177 1845 1700 1904; baseline -0.003 -11"><span class='ocrx_word' id='word_1_222' title='bbox 177 1862 241 1904; x_wconf 86' lang='lat'>13.</span> <span class='ocrx_word' id='word_1_223' title='bbox 307 1848 591 1894; x_wconf 88' lang='lat' dir='ltr'>Escrevereis</span> <span class='ocrx_word' id='word_1_224' title='bbox 608 1863 634 1892; x_wconf 92' lang='grc'>3</span> <span class='ocrx_word' id='word_1_225' title='bbox 651 1849 699 1893; x_wconf 86' lang='lat' dir='ltr'>S.</span> <span class='ocrx_word' id='word_1_226' title='bbox 721 1849 895 1891; x_wconf 81' lang='lat' dir='ltr'>Thome</span> <span class='ocrx_word' id='word_1_227' title='bbox 917 1863 943 1891; x_wconf 90' lang='grc'>3</span> <span class='ocrx_word' id='word_1_228' title='bbox 965 1847 1207 1904; x_wconf 88' lang='lat' dir='ltr'>Cypriano,</span> <span class='ocrx_word' id='word_1_229' title='bbox 1228 1861 1316 1902; x_wconf 87' lang='lat' dir='ltr'>que</span> <span class='ocrx_word' id='word_1_230' title='bbox 1337 1861 1386 1890; x_wconf 87' lang='lat' dir='ltr'>se</span> <span class='ocrx_word' id='word_1_231' title='bbox 1407 1845 1463 1889; x_wconf 75' lang='lat' dir='ltr'>de</span> <span class='ocrx_word' id='word_1_232' title='bbox 1479 1846 1582 1890; x_wconf 90' lang='lat' dir='ltr'>bem</span> <span class='ocrx_word' id='word_1_233' title='bbox 1601 1860 1700 1889; x_wconf 89' lang='lat' dir='ltr'>com</span> 
     </span>
     <span class='ocr_line' id='line_1_23' title="bbox 84 1923 1697 1984; baseline -0.003 -13"><span class='ocrx_word' id='word_1_234' title='bbox 84 1927 233 1981; x_wconf 86' lang='lat' dir='ltr'>todos,</span> <span class='ocrx_word' id='word_1_235' title='bbox 272 1926 642 1984; x_wconf 86' lang='lat' dir='ltr'>principalmente</span> <span class='ocrx_word' id='word_1_236' title='bbox 676 1940 775 1969; x_wconf 91' lang='lat' dir='ltr'>com</span> <span class='ocrx_word' id='word_1_237' title='bbox 815 1940 841 1968; x_wconf 96' lang='grc'>0</span> <span class='ocrx_word' id='word_1_238' title='bbox 869 1924 1055 1982; x_wconf 86' lang='lat' dir='ltr'>Vigario</span> <span class='ocrx_word' id='word_1_239' title='bbox 1084 1939 1108 1968; x_wconf 88' lang='grc'>6</span> <span class='ocrx_word' id='word_1_240' title='bbox 1137 1938 1239 1966; x_wconf 88' lang='lat' dir='ltr'>com</span> <span class='ocrx_word' id='word_1_241' title='bbox 1269 1924 1396 1966; x_wconf 89' lang='lat' dir='ltr'>todos</span> <span class='ocrx_word' id='word_1_242' title='bbox 1433 1938 1483 1967; x_wconf 94' lang='lat' dir='ltr'>os</span> <span class='ocrx_word' id='word_1_243' title='bbox 1512 1923 1697 1975; x_wconf 87' lang='lat' dir='ltr'>Padres,</span> 
     </span>
     <span class='ocr_line' id='line_1_24' title="bbox 82 2000 1700 2060; baseline -0.004 -12"><span class='ocrx_word' id='word_1_244' title='bbox 82 2006 326 2049; x_wconf 89' lang='lat' dir='ltr'>dando-lhe</span> <span class='ocrx_word' id='word_1_245' title='bbox 347 2004 626 2060; x_wconf 83' lang='lat' dir='ltr'>dezemgano</span> <span class='ocrx_word' id='word_1_246' title='bbox 647 2018 719 2047; x_wconf 88' lang='lat' dir='ltr'>em</span> <span class='ocrx_word' id='word_1_247' title='bbox 742 2017 874 2046; x_wconf 86' lang='lat' dir='ltr'>vossa</span> <span class='ocrx_word' id='word_1_248' title='bbox 895 2009 1033 2055; x_wconf 86' lang='lat' dir='ltr'>carta,</span> <span class='ocrx_word' id='word_1_249' title='bbox 1058 2016 1188 2045; x_wconf 90' lang='lat' dir='ltr'>como</span> <span class='ocrx_word' id='word_1_250' title='bbox 1209 2015 1290 2044; x_wconf 89' lang='lat' dir='ltr'>vos</span> <span class='ocrx_word' id='word_1_251' title='bbox 1312 2000 1457 2045; x_wconf 85' lang='lat' dir='ltr'>deixei</span> <span class='ocrx_word' id='word_1_252' title='bbox 1479 2014 1560 2056; x_wconf 92' lang='lat' dir='ltr'>por</span> <span class='ocrx_word' id='word_1_253' title='bbox 1578 2000 1700 2056; x_wconf 85' lang='lat' dir='ltr'>regi-</span> 
     </span>
     <span class='ocr_line' id='line_1_25' title="bbox 80 2077 1697 2138; baseline -0.002 -13"><span class='ocrx_word' id='word_1_254' title='bbox 80 2089 246 2136; x_wconf 90' lang='lat' dir='ltr'>mento,</span> <span class='ocrx_word' id='word_1_255' title='bbox 273 2096 360 2138; x_wconf 85' lang='lat' dir='ltr'>que</span> <span class='ocrx_word' id='word_1_256' title='bbox 383 2096 432 2125; x_wconf 88' lang='lat' dir='ltr'>os</span> <span class='ocrx_word' id='word_1_257' title='bbox 454 2096 540 2137; x_wconf 91' lang='lat' dir='ltr'>que</span> <span class='ocrx_word' id='word_1_258' title='bbox 564 2085 649 2124; x_wconf 71' lang='lat' dir='ltr'>nao</span> <span class='ocrx_word' id='word_1_259' title='bbox 668 2081 834 2123; x_wconf 84' lang='lat' dir='ltr'>fossem</span> <span class='ocrx_word' id='word_1_260' title='bbox 858 2079 1120 2124; x_wconf 81' lang='lat' dir='ltr'>obedientes</span> <span class='ocrx_word' id='word_1_261' title='bbox 1142 2093 1195 2121; x_wconf 89' lang='grc'>30</span> <span class='ocrx_word' id='word_1_262' title='bbox 1214 2077 1367 2121; x_wconf 86' lang='lat' dir='ltr'>Reitor</span> <span class='ocrx_word' id='word_1_263' title='bbox 1384 2078 1528 2121; x_wconf 81' lang='lat' dir='ltr'>d’este</span> <span class='ocrx_word' id='word_1_264' title='bbox 1546 2077 1697 2121; x_wconf 88' lang='lat' dir='ltr'>Colle-</span> 
     </span>
     <span class='ocr_line' id='line_1_26' title="bbox 81 2153 1699 2218; baseline -0.003 -15"><span class='ocrx_word' id='word_1_265' title='bbox 81 2159 172 2218; x_wconf 87' lang='lat' dir='ltr'>gio,</span> <span class='ocrx_word' id='word_1_266' title='bbox 197 2174 285 2217; x_wconf 90' lang='lat' dir='ltr'>que</span> <span class='ocrx_word' id='word_1_267' title='bbox 306 2175 357 2204; x_wconf 87' lang='lat' dir='ltr'>os</span> <span class='ocrx_word' id='word_1_268' title='bbox 379 2158 636 2216; x_wconf 87' lang='lat' dir='ltr'>despedisse</span> <span class='ocrx_word' id='word_1_269' title='bbox 654 2159 711 2201; x_wconf 93' lang='lat' dir='ltr'>da</span> <span class='ocrx_word' id='word_1_270' title='bbox 734 2157 1027 2213; x_wconf 88' lang='lat' dir='ltr'>Companhia.</span> <span class='ocrx_word' id='word_1_271' title='bbox 1049 2155 1357 2201; x_wconf 87' lang='lat' dir='ltr'>Escrevei-lhe</span> <span class='ocrx_word' id='word_1_272' title='bbox 1379 2154 1465 2197; x_wconf 90' lang='lat' dir='ltr'>isto</span> <span class='ocrx_word' id='word_1_273' title='bbox 1490 2153 1647 2207; x_wconf 88' lang='lat' dir='ltr'>assim,</span> <span class='ocrx_word' id='word_1_274' title='bbox 1674 2170 1699 2198; x_wconf 92' lang='lat' dir='ltr'>e</span> 
     </span>
     <span class='ocr_line' id='line_1_27' title="bbox 82 2233 1073 2294; baseline -0.005 -13"><span class='ocrx_word' id='word_1_275' title='bbox 82 2251 168 2293; x_wconf 87' lang='lat' dir='ltr'>que</span> <span class='ocrx_word' id='word_1_276' title='bbox 193 2239 224 2260; x_wconf 83' lang='lat'>¹⁵</span> <span class='ocrx_word' id='word_1_277' title='bbox 247 2252 328 2294; x_wconf 90' lang='lat' dir='ltr'>por</span> <span class='ocrx_word' id='word_1_278' title='bbox 350 2236 439 2281; x_wconf 88' lang='lat' dir='ltr'>isso</span> <span class='ocrx_word' id='word_1_279' title='bbox 460 2251 548 2292; x_wconf 90' lang='lat' dir='ltr'>que</span> <span class='ocrx_word' id='word_1_280' title='bbox 570 2236 672 2280; x_wconf 90' lang='lat' dir='ltr'>olhe</span> <span class='ocrx_word' id='word_1_281' title='bbox 693 2250 774 2292; x_wconf 90' lang='lat' dir='ltr'>por</span> <span class='ocrx_word' id='word_1_282' title='bbox 796 2250 849 2290; x_wconf 88' lang='lat' dir='ltr'>sy</span> <span class='ocrx_word' id='word_1_283' title='bbox 870 2233 1006 2277; x_wconf 89' lang='lat' dir='ltr'>n’isto</span> <span class='ocrx_word' id='word_1_284' title='bbox 1028 2235 1073 2275; x_wconf 75' lang='lat'>¹⁶.</span> 
     </span>
    </p>

    <p class='ocr_par' dir='ltr' id='par_1_6' title="bbox 176 2308 1699 2369">
     <span class='ocr_line' id='line_1_28' title="bbox 176 2308 1699 2369; baseline -0.005 -11"><span class='ocrx_word' id='word_1_285' title='bbox 176 2327 238 2369; x_wconf 84' lang='lat'>14.</span> <span class='ocrx_word' id='word_1_286' title='bbox 302 2315 367 2358; x_wconf 78' lang='lat' dir='ltr'>La</span> <span class='ocrx_word' id='word_1_287' title='bbox 387 2314 485 2357; x_wconf 82' lang='lat' dir='ltr'>hira</span> <span class='ocrx_word' id='word_1_288' title='bbox 507 2314 700 2356; x_wconf 76' lang='lat' dir='ltr'>Estevao</span> <span class='ocrx_word' id='word_1_289' title='bbox 723 2310 831 2355; x_wconf 86' lang='lat' dir='ltr'>Luis</span> <span class='ocrx_word' id='word_1_290' title='bbox 855 2311 1046 2354; x_wconf 85' lang='lat' dir='ltr'>Boralho</span> <span class='ocrx_word' id='word_1_291' title='bbox 1078 2311 1127 2363; x_wconf 80' lang='lat'>¹⁷,</span> <span class='ocrx_word' id='word_1_292' title='bbox 1161 2309 1308 2353; x_wconf 89' lang='lat' dir='ltr'>Padre</span> <span class='ocrx_word' id='word_1_293' title='bbox 1335 2310 1391 2354; x_wconf 90' lang='lat' dir='ltr'>de</span> <span class='ocrx_word' id='word_1_294' title='bbox 1419 2308 1699 2364; x_wconf 85' lang='lat' dir='ltr'>Evangelho,</span> 
     </span>
    </p>
   </div>
   <div class='ocr_carea' id='block_1_3' title="bbox 84 2396 342 2403">
    <p class='ocr_par' dir='ltr' id='par_1_7' title="bbox 84 2396 342 2403">
     <span class='ocr_line' id='line_1_29' title="bbox 84 2396 342 2403; baseline 0 0"><span class='ocrx_word' id='word_1_295' title='bbox 84 2396 342 2403; x_wconf 95' lang='lat' dir='ltr'> </span> 
     </span>
    </p>
   </div>
   <div class='ocr_carea' id='block_1_4' title="bbox 79 2428 1704 2771">
    <p class='ocr_par' dir='ltr' id='par_1_8' title="bbox 148 2428 399 2473">
     <span class='ocr_line' id='line_1_30' title="bbox 148 2428 399 2473; baseline 0 -11"><span class='ocrx_word' id='word_1_296' title='bbox 148 2428 177 2449; x_wconf 73' lang='lat'>¹5</span> <span class='ocrx_word' id='word_1_297' title='bbox 225 2428 304 2473; x_wconf 68' lang='lat' dir='ltr'>cre,</span> <span class='ocrx_word' id='word_1_298' title='bbox 322 2438 399 2462; x_wconf 78' lang='lat' dir='ltr'>ms,</span> 
     </span>
    </p>

    <p class='ocr_par' dir='ltr' id='par_1_9' title="bbox 147 2480 1482 2532">
     <span class='ocr_line' id='line_1_31' title="bbox 147 2480 1482 2532; baseline -0.007 -9"><span class='ocrx_word' id='word_1_299' title='bbox 147 2488 176 2509; x_wconf 77' lang='lat'>¹⁶</span> <span class='ocrx_word' id='word_1_300' title='bbox 224 2486 338 2532; x_wconf 89' lang='lat' dir='ltr'>eisto,</span> <span class='ocrx_word' id='word_1_301' title='bbox 357 2498 456 2522; x_wconf 76' lang='lat' dir='ltr'>ms..-</span> <span class='ocrx_word' id='word_1_302' title='bbox 474 2486 573 2521; x_wconf 84' lang='lat' dir='ltr'>forte</span> <span class='ocrx_word' id='word_1_303' title='bbox 591 2485 631 2520; x_wconf 92' lang='lat' dir='ltr'>in</span> <span class='ocrx_word' id='word_1_304' title='bbox 649 2483 827 2530; x_wconf 85' lang='lat' dir='ltr'>originali</span> <span class='ocrx_word' id='word_1_305' title='bbox 845 2483 1047 2529; x_wconf 84' lang='lat' dir='ltr'>legebatur</span> <span class='ocrx_word' id='word_1_306' title='bbox 1065 2482 1089 2517; x_wconf 77' lang='grc' dir='ltr'><strong><em>ἔ</em></strong></span> <span class='ocrx_word' id='word_1_307' title='bbox 1102 2482 1189 2524; x_wconf 81' lang='lat' dir='ltr'>isto,</span> <span class='ocrx_word' id='word_1_308' title='bbox 1210 2480 1292 2516; x_wconf 89' lang='lat' dir='ltr'>scil.</span> <span class='ocrx_word' id='word_1_309' title='bbox 1312 2493 1373 2516; x_wconf 82' lang='lat' dir='ltr'>em</span> <span class='ocrx_word' id='word_1_310' title='bbox 1392 2481 1482 2515; x_wconf 82' lang='lat' dir='ltr'>isto.</span> 
     </span>
    </p>

    <p class='ocr_par' dir='ltr' id='par_1_10' title="bbox 79 2539 1704 2771">
     <span class='ocr_line' id='line_1_32' title="bbox 145 2539 1704 2586; baseline -0.006 -3"><span class='ocrx_word' id='word_1_311' title='bbox 145 2548 172 2568; x_wconf 88' lang='lat'>¹⁷</span> <span class='ocrx_word' id='word_1_312' title='bbox 222 2547 430 2582; x_wconf 79' lang='lat' dir='ltr'>Menehaca</span> <span class='ocrx_word' id='word_1_313' title='bbox 447 2546 487 2581; x_wconf 93' lang='lat' dir='ltr'>in</span> <span class='ocrx_word' id='word_1_314' title='bbox 504 2546 638 2580; x_wconf 83' lang='lat' dir='ltr'><em>Indice</em></span> <span class='ocrx_word' id='word_1_315' title='bbox 655 2556 794 2580; x_wconf 73' lang='lat' dir='ltr'>rerum</span> <span class='ocrx_word' id='word_1_316' title='bbox 812 2546 848 2578; x_wconf 80' lang='lat' dir='ltr'>et</span> <span class='ocrx_word' id='word_1_317' title='bbox 865 2542 1074 2578; x_wconf 78' lang='lat' dir='ltr'>nominum</span> <span class='ocrx_word' id='word_1_318' title='bbox 1093 2553 1211 2576; x_wconf 91' lang='lat' dir='ltr'>unum</span> <span class='ocrx_word' id='word_1_319' title='bbox 1231 2540 1487 2586; x_wconf 88' lang='lat' dir='ltr'>eumdemque</span> <span class='ocrx_word' id='word_1_320' title='bbox 1506 2539 1599 2575; x_wconf 80' lang='lat' dir='ltr'>facit</span> <span class='ocrx_word' id='word_1_321' title='bbox 1617 2539 1704 2574; x_wconf 89' lang='lat' dir='ltr'>Ste-</span> 
     </span>
     <span class='ocr_line' id='line_1_33' title="bbox 82 2598 1702 2651; baseline -0.005 -10"><span class='ocrx_word' id='word_1_322' title='bbox 82 2605 246 2651; x_wconf 88' lang='lat' dir='ltr'>phanum</span> <span class='ocrx_word' id='word_1_323' title='bbox 260 2604 501 2640; x_wconf 90' lang='lat' dir='ltr'>Ludovicum</span> <span class='ocrx_word' id='word_1_324' title='bbox 514 2605 724 2649; x_wconf 85' lang='lat' dir='ltr'>Buranum‚</span> <span class='ocrx_word' id='word_1_325' title='bbox 739 2602 788 2637; x_wconf 90' lang='lat' dir='ltr'>de</span> <span class='ocrx_word' id='word_1_326' title='bbox 801 2613 878 2649; x_wconf 92' lang='lat' dir='ltr'>quo</span> <span class='ocrx_word' id='word_1_327' title='bbox 892 2601 1061 2648; x_wconf 80' lang='lat' dir='ltr'>loquitur</span> <span class='ocrx_word' id='word_1_328' title='bbox 1074 2600 1114 2635; x_wconf 89' lang='lat' dir='ltr'>in</span> <span class='ocrx_word' id='word_1_329' title='bbox 1128 2599 1196 2636; x_wconf 87' lang='lat' dir='ltr'>lib.</span> <span class='ocrx_word' id='word_1_330' title='bbox 1212 2600 1283 2645; x_wconf 83' lang='grc' dir='ltr'>ΙΙΙ,</span> <span class='ocrx_word' id='word_1_331' title='bbox 1298 2611 1359 2646; x_wconf 86' lang='lat' dir='ltr'>ep.</span> <span class='ocrx_word' id='word_1_332' title='bbox 1378 2609 1414 2644; x_wconf 86' lang='lat'>4,</span> <span class='ocrx_word' id='word_1_333' title='bbox 1431 2611 1469 2634; x_wconf 89' lang='lat' dir='ltr'>n.</span> <span class='ocrx_word' id='word_1_334' title='bbox 1489 2607 1544 2643; x_wconf 86' lang='lat'>14,</span> <span class='ocrx_word' id='word_1_335' title='bbox 1563 2603 1603 2634; x_wconf 85' lang='lat' dir='ltr'>et</span> <span class='ocrx_word' id='word_1_336' title='bbox 1616 2598 1702 2633; x_wconf 88' lang='lat' dir='ltr'>Ste-</span> 
     </span>
     <span class='ocr_line' id='line_1_34' title="bbox 80 2658 1699 2711; baseline -0.006 -10"><span class='ocrx_word' id='word_1_337' title='bbox 80 2664 244 2711; x_wconf 89' lang='lat' dir='ltr'><strong>phanum</strong></span> <span class='ocrx_word' id='word_1_338' title='bbox 261 2663 501 2700; x_wconf 90' lang='lat' dir='ltr'>Ludovicum</span> <span class='ocrx_word' id='word_1_339' title='bbox 520 2662 764 2708; x_wconf 90' lang='lat' dir='ltr'>Borrallium,</span> <span class='ocrx_word' id='word_1_340' title='bbox 782 2673 897 2709; x_wconf 89' lang='lat' dir='ltr'>quem</span> <span class='ocrx_word' id='word_1_341' title='bbox 916 2659 1092 2696; x_wconf 86' lang='lat' dir='ltr'>meminit</span> <span class='ocrx_word' id='word_1_342' title='bbox 1106 2660 1145 2695; x_wconf 93' lang='lat' dir='ltr'>in</span> <span class='ocrx_word' id='word_1_343' title='bbox 1160 2659 1228 2694; x_wconf 85' lang='lat' dir='ltr'>lib.</span> <span class='ocrx_word' id='word_1_344' title='bbox 1245 2659 1314 2703; x_wconf 80' lang='lat' dir='ltr'>IV,</span> <span class='ocrx_word' id='word_1_345' title='bbox 1330 2670 1391 2705; x_wconf 92' lang='lat' dir='ltr'>ep.</span> <span class='ocrx_word' id='word_1_346' title='bbox 1409 2659 1468 2705; x_wconf 85' lang='lat'>26,</span> <span class='ocrx_word' id='word_1_347' title='bbox 1484 2670 1522 2693; x_wconf 81' lang='lat' dir='ltr'>n.</span> <span class='ocrx_word' id='word_1_348' title='bbox 1542 2667 1596 2702; x_wconf 83' lang='lat'>15.</span> <span class='ocrx_word' id='word_1_349' title='bbox 1613 2658 1699 2704; x_wconf 89' lang='lat' dir='ltr'>Jam</span> 
     </span>
     <span class='ocr_line' id='line_1_35' title="bbox 79 2716 1701 2771; baseline -0.006 -11"><span class='ocrx_word' id='word_1_350' title='bbox 79 2722 243 2759; x_wconf 87' lang='lat' dir='ltr'>vidimus</span> <span class='ocrx_word' id='word_1_351' title='bbox 260 2735 388 2771; x_wconf 86' lang='lat' dir='ltr'>supra,</span> <span class='ocrx_word' id='word_1_352' title='bbox 408 2735 471 2770; x_wconf 86' lang='lat' dir='ltr'>ep.</span> <span class='ocrx_word' id='word_1_353' title='bbox 496 2722 556 2768; x_wconf 86' lang='lat'>73,</span> <span class='ocrx_word' id='word_1_354' title='bbox 575 2723 615 2757; x_wconf 89' lang='lat' dir='ltr'>in</span> <span class='ocrx_word' id='word_1_355' title='bbox 633 2721 775 2757; x_wconf 90' lang='lat' dir='ltr'>nostris</span> <span class='ocrx_word' id='word_1_356' title='bbox 790 2720 1021 2767; x_wconf 85' lang='lat' dir='ltr'>apographis</span> <span class='ocrx_word' id='word_1_357' title='bbox 1035 2718 1246 2754; x_wconf 87' lang='lat' dir='ltr'>desiderari</span> <span class='ocrx_word' id='word_1_358' title='bbox 1261 2718 1554 2765; x_wconf 85' lang='lat' dir='ltr'>paragraphum,</span> <span class='ocrx_word' id='word_1_359' title='bbox 1571 2717 1639 2752; x_wconf 89' lang='lat' dir='ltr'>ubi</span> <span class='ocrx_word' id='word_1_360' title='bbox 1653 2716 1701 2752; x_wconf 90' lang='lat' dir='ltr'>de</span> 
     </span>
    </p>
   </div>
   <div class='ocr_carea' id='block_1_5' title="bbox 36 2776 1699 2827">
    <p class='ocr_par' dir='ltr' id='par_1_11' title="bbox 22 2776 1699 2827">
     <span class='ocr_line' id='line_1_36' title="bbox 36 2776 1699 2827; baseline -0.005 -9.067"><span class='ocrx_word' id='word_1_361' title='bbox 36 2815 39 2819; x_wconf 95' lang='grc'>,</span> <span class='ocrx_word' id='word_1_362' title='bbox 78 2781 144 2818; x_wconf 89' lang='lat' dir='ltr'>tali</span> <span class='ocrx_word' id='word_1_363' title='bbox 160 2781 243 2818; x_wconf 85' lang='lat' dir='ltr'>viro</span> <span class='ocrx_word' id='word_1_364' title='bbox 259 2782 303 2817; x_wconf 88' lang='lat' dir='ltr'>fit</span> <span class='ocrx_word' id='word_1_365' title='bbox 322 2794 462 2818; x_wconf 88' lang='lat' dir='ltr'>sermo.</span> <span class='ocrx_word' id='word_1_366' title='bbox 483 2781 561 2817; x_wconf 87' lang='lat' dir='ltr'>Sed</span> <span class='ocrx_word' id='word_1_367' title='bbox 579 2781 612 2816; x_wconf 85' lang='lat' dir='ltr'>si</span> <span class='ocrx_word' id='word_1_368' title='bbox 625 2780 819 2827; x_wconf 86' lang='lat' dir='ltr'>genuinae</span> <span class='ocrx_word' id='word_1_369' title='bbox 833 2779 910 2815; x_wconf 89' lang='lat' dir='ltr'>sint</span> <span class='ocrx_word' id='word_1_370' title='bbox 923 2778 1133 2814; x_wconf 85' lang='lat' dir='ltr'>Tursellini</span> <span class='ocrx_word' id='word_1_371' title='bbox 1147 2783 1187 2813; x_wconf 89' lang='lat' dir='ltr'>et</span> <span class='ocrx_word' id='word_1_372' title='bbox 1200 2777 1354 2813; x_wconf 89' lang='lat' dir='ltr'>Possini</span> <span class='ocrx_word' id='word_1_373' title='bbox 1372 2776 1588 2820; x_wconf 87' lang='lat' dir='ltr'>versiones,</span> <span class='ocrx_word' id='word_1_374' title='bbox 1603 2787 1699 2822; x_wconf 90' lang='lat' dir='ltr'>quas</span> 
     </span>
    </p>
   </div>
   <div class='ocr_carea' id='block_1_6' title="bbox 0 928 40 3360">
    <p class='ocr_par' dir='ltr' id='par_1_12' title="bbox 0 928 40 3360">
     <span class='ocr_line' id='line_1_37' title="bbox 0 928 40 3360; baseline 0 0"><span class='ocrx_word' id='word_1_375' title='bbox 0 928 40 3360; x_wconf 95' lang='lat' dir='ltr'> </span> 
     </span>
    </p>
   </div>
   <div class='ocr_carea' id='block_1_7' title="bbox 81 2837 1705 3063">
    <p class='ocr_par' dir='ltr' id='par_1_13' title="bbox 81 2837 1705 3063">
     <span class='ocr_line' id='line_1_38' title="bbox 81 2837 1702 2888; baseline -0.005 -11"><span class='ocrx_word' id='word_1_376' title='bbox 81 2840 287 2877; x_wconf 88' lang='lat' dir='ltr'>Menchaca</span> <span class='ocrx_word' id='word_1_377' title='bbox 304 2841 472 2877; x_wconf 88' lang='lat' dir='ltr'>fideliter</span> <span class='ocrx_word' id='word_1_378' title='bbox 489 2840 644 2888; x_wconf 90' lang='lat' dir='ltr'>quidem</span> <span class='ocrx_word' id='word_1_379' title='bbox 663 2839 898 2885; x_wconf 87' lang='lat' dir='ltr'>transcribit,</span> <span class='ocrx_word' id='word_1_380' title='bbox 917 2838 1062 2874; x_wconf 89' lang='lat' dir='ltr'>diversi</span> <span class='ocrx_word' id='word_1_381' title='bbox 1080 2837 1236 2873; x_wconf 90' lang='lat' dir='ltr'>omnino</span> <span class='ocrx_word' id='word_1_382' title='bbox 1255 2837 1309 2873; x_wconf 87' lang='lat' dir='ltr'>illi</span> <span class='ocrx_word' id='word_1_383' title='bbox 1329 2842 1458 2880; x_wconf 82' lang='lat' dir='ltr'>erant3</span> <span class='ocrx_word' id='word_1_384' title='bbox 1479 2847 1567 2871; x_wconf 87' lang='lat' dir='ltr'>nam</span> <span class='ocrx_word' id='word_1_385' title='bbox 1594 2846 1702 2882; x_wconf 89' lang='lat' dir='ltr'>prae-</span> 
     </span>
     <span class='ocr_line' id='line_1_39' title="bbox 84 2894 1703 2947; baseline -0.003 -14"><span class='ocrx_word' id='word_1_386' title='bbox 84 2903 257 2946; x_wconf 87' lang='lat' dir='ltr'>terquam</span> <span class='ocrx_word' id='word_1_387' title='bbox 275 2900 378 2947; x_wconf 90' lang='lat' dir='ltr'>quod</span> <span class='ocrx_word' id='word_1_388' title='bbox 396 2899 626 2946; x_wconf 86' lang='lat' dir='ltr'>cognomina</span> <span class='ocrx_word' id='word_1_389' title='bbox 643 2898 797 2934; x_wconf 90' lang='lat' dir='ltr'>diversa</span> <span class='ocrx_word' id='word_1_390' title='bbox 815 2903 919 2944; x_wconf 84' lang='lat' dir='ltr'>sunt,</span> <span class='ocrx_word' id='word_1_391' title='bbox 937 2898 1126 2942; x_wconf 84' lang='lat' dir='ltr'>Buranus,</span> <span class='ocrx_word' id='word_1_392' title='bbox 1146 2908 1245 2932; x_wconf 88' lang='lat' dir='ltr'>anno</span> <span class='ocrx_word' id='word_1_393' title='bbox 1267 2904 1376 2942; x_wconf 85' lang='lat'>1549,</span> <span class='ocrx_word' id='word_1_394' title='bbox 1396 2894 1591 2942; x_wconf 84' lang='lat' dir='ltr'>expressis</span> <span class='ocrx_word' id='word_1_395' title='bbox 1618 2905 1703 2928; x_wconf 86' lang='lat' dir='ltr'>ver-</span> 
     </span>
     <span class='ocr_line' id='line_1_40' title="bbox 84 2954 1705 3006; baseline -0.004 -13"><span class='ocrx_word' id='word_1_396' title='bbox 84 2957 143 2994; x_wconf 90' lang='lat' dir='ltr'>bis</span> <span class='ocrx_word' id='word_1_397' title='bbox 161 2959 340 2995; x_wconf 88' lang='lat' dir='ltr'>sacerdos</span> <span class='ocrx_word' id='word_1_398' title='bbox 358 2960 586 3006; x_wconf 76' lang='lat' dir='ltr'>appellatur5</span> <span class='ocrx_word' id='word_1_399' title='bbox 603 2958 810 2993; x_wconf 86' lang='lat' dir='ltr'>Borrallius</span> <span class='ocrx_word' id='word_1_400' title='bbox 825 2969 917 2992; x_wconf 86' lang='lat' dir='ltr'>vero</span> <span class='ocrx_word' id='word_1_401' title='bbox 932 2957 1127 3004; x_wconf 83' lang='lat' dir='ltr'>(Boralho</span> <span class='ocrx_word' id='word_1_402' title='bbox 1142 2956 1180 2991; x_wconf 88' lang='lat' dir='ltr'>in</span> <span class='ocrx_word' id='word_1_403' title='bbox 1194 2961 1326 2991; x_wconf 88' lang='lat' dir='ltr'>nostro</span> <span class='ocrx_word' id='word_1_404' title='bbox 1339 2954 1590 3003; x_wconf 79' lang='lat' dir='ltr'>apographo),</span> <span class='ocrx_word' id='word_1_405' title='bbox 1605 2963 1705 2988; x_wconf 91' lang='lat' dir='ltr'>anno</span> 
     </span>
     <span class='ocr_line' id='line_1_41' title="bbox 90 3015 1207 3063; baseline -0.001 -12"><span class='ocrx_word' id='word_1_406' title='bbox 90 3023 176 3063; x_wconf 85' lang='lat'>1552</span> <span class='ocrx_word' id='word_1_407' title='bbox 195 3022 342 3055; x_wconf 86' lang='lat' dir='ltr'>tantum</span> <span class='ocrx_word' id='word_1_408' title='bbox 362 3029 471 3055; x_wconf 87' lang='lat' dir='ltr'>sacro</span> <span class='ocrx_word' id='word_1_409' title='bbox 488 3017 712 3055; x_wconf 86' lang='lat' dir='ltr'>diaconatus</span> <span class='ocrx_word' id='word_1_410' title='bbox 730 3016 863 3052; x_wconf 89' lang='lat' dir='ltr'>ordine</span> <span class='ocrx_word' id='word_1_411' title='bbox 882 3021 963 3052; x_wconf 84' lang='lat' dir='ltr'>erat</span> <span class='ocrx_word' id='word_1_412' title='bbox 981 3015 1207 3062; x_wconf 85' lang='lat' dir='ltr'>insignitus.</span> 
     </span>
    </p>
   </div>
  </div>
 </body>
</html>
