2049 3360
393 198 463 243 908
891 201 1159 236 MONUMENTA
1184 202 1430 238 XAvi-:mANA

1095 404 1208 445 nm

756 504 810 545 Ρ.
858 504 1165 548 GASPARI
1216 507 1542 554 BARZAEO

836 610 934 652 Goa
957 624 1107 653 mense
1131 611 1272 667 Aprili
1302 623 1408 667 1552
1437 615 1464 656 ¹.

343 711 544 747 Methodus
562 725 585 745 a
604 714 874 748 concionatore
892 716 1112 749 servandus
1130 716 1171 750 in
1191 716 1316 760 rebus,
1336 730 1435 763 quae
1459 721 1512 754 ad
1529 721 1659 755 animi
1682 723 1954 759 demissionem
1997 753 2011 766 .

751 774 989 807 servandam
1009 776 1045 808 et
1061 776 1290 821 augendam
1311 777 1549 813 inserviunt.

343 884 621 914 REGIMENTO
651 887 769 916 FERA
793 887 820 915 A
843 887 1139 926 HUMILDADE,
1167 890 1261 926 QUE
1289 890 1318 920 O
1343 892 1384 920 Β.
1416 893 1455 922 Ρ.
1490 893 1748 925 FRANCISCO
1773 895 1951 927 DEIXOU
1986 903 2019 951 Γ*

450 961 510 990 ΑΟ
536 962 574 990 Ρ.
604 963 650 990 M.
677 962 859 992 GASPAR
883 963 1117 993 HINDO-SE
1142 966 1261 995 PARA
1286 967 1313 996 A
1336 968 1482 998 CHINA
1504 969 1631 999 ANNO
1655 971 1715 1000 DE
1735 967 1787 1011 52
1812 958 1843 1000 ξ.

432 1059 510 1100 Em
534 1073 583 1101 os
604 1067 763 1114 pontos
785 1061 1016 1117 seguintes
1039 1076 1108 1105 me
1132 1065 1367 1119 occuparei
1390 1067 1499 1108 cada
1521 1066 1593 1109 dia
1614 1068 1751 1110 huma
1767 1070 1878 1111 hora
1895 1083 1950 1113 ou
1993 1059 2017 1127 ᾗ

341 1149 485 1189 meya,
511 1149 535 1177 e
558 1138 633 1178 n'o
656 1143 803 1192 tempo
827 1137 935 1179 mais
957 1145 1060 1193 apto
1083 1154 1107 1182 e
1129 1140 1440 1184 conveniente.

441 1223 475 1253 1.
543 1211 922 1265 Primeiramente,
956 1215 1116 1257 busear
1144 1215 1282 1258 muita
1319 1217 1577 1262 humildade
1598 1234 1752 1263 acerca
1773 1221 1832 1263 do
1852 1224 1952 1276 pre-

341 1300 438 1342 gar,
480 1287 785 1331 attribuhindo
823 1290 1178 1345 primeiramente
1216 1293 1324 1335 tudo
1354 1309 1379 1336 a
1411 1296 1530 1337 Deos
1568 1295 1707 1339 muito
1745 1296 1952 1352 perfeita-
1996 1292 2010 1329 ‚¹

344 1370 493 1406 mente
517 1365 547 1405 ⁵.

420 1512 426 1530 ¹
478 1510 534 1544 Ex
553 1512 635 1545 cod.
659 1512 774 1553 Mac.‚
796 1511 834 1546 ff.
864 1511 956 1547 103v
975 1518 1013 1547 et
1035 1521 1115 1557 104.
1148 1514 1190 1548 In
1215 1514 1349 1549 eodem
1375 1515 1523 1561 codice,
1550 1516 1589 1551 ff.
1614 1525 1686 1562 91v
1709 1522 1750 1553 et
1778 1527 1823 1563 92
1852 1518 1954 1554 aliud
1997 1507 2005 1555 s

340 1572 448 1602 extat
478 1571 753 1616 apographum,
785 1570 853 1605 sed
878 1571 961 1606 sine
992 1572 1034 1606 P.
1063 1572 1220 1607 Barzaei
1245 1572 1531 1618 additamentis,
1556 1587 1654 1622 quae
1679 1576 1841 1622 primum
1867 1589 1955 1624 apo·

341 1627 528 1672 graphum
546 1628 790 1664 comitantur:
813 1629 896 1664 sine
915 1629 990 1664 illis
1009 1630 1140 1674 etiam,
1158 1631 1261 1667 aliud
1285 1638 1345 1667 est
1368 1638 1650 1680 transumptum
1680 1635 1719 1670 in
1737 1637 1819 1670 cod.
1840 1637 1954 1672 Rom.

339 1688 498 1732 apogr„
516 1699 553 1721 n.
567 1687 754 1723 6.-Vide
773 1688 953 1733 Possm„
970 1689 1035 1724 lib.
1057 1690 1124 1735 VI,
1140 1702 1201 1736 ep.
1221 1699 1252 1725 1:
1270 1691 1454 1738 Memfi„
1470 1693 1538 1728 lib.
1555 1693 1623 1736 IV,
1639 1705 1700 1739 ep.
1721 1702 1774 1738 14:
1798 1694 1952 1742 SonzA,

346 1743 508 1780 Oriente
527 1757 650 1791 conq„
676 1748 725 1781 1.“
742 1753 856 1793 part.,
875 1759 987 1794 eonq.
1008 1748 1056 1793 V,
1075 1748 1155 1784 div.
1176 1749 1208 1794 1,
1227 1761 1264 1784 n.
1286 1759 1318 1784 2.

411 1804 453 1838 In
472 1806 554 1839 cod.
575 1805 691 1847 Mac„
713 1805 812 1841 inter
826 1807 983 1842 Xaverii
1003 1807 1146 1842 monita
1170 1813 1209 1843 et
1227 1809 1385 1844 Barzaei
1402 1809 1684 1853 annotationes,
1705 1823 1871 1858 sequens
1889 1813 1952 1848 ha-

340 1862 452 1897 betur
471 1863 575 1898 utilis
599 1864 895 1900 animadversio.
917 1867 1052 1900 «Estes
1076 1866 1207 1901 avizos
1234 1867 1354 1903 dados
1372 1879 1418 1903 ao
1436 1869 1479 1903 P.
1499 1869 1551 1903 M.
1571 1869 1734 1916 Gaspar,
1753 1871 1817 1905 n'o
1840 1871 1954 1918 origi-

339 1922 415 1967 nal,
434 1933 494 1956 em
513 1934 587 1968 que
602 1927 709 1958 estiio
727 1923 839 1958 ainda
858 1924 1043 1970 eseriptos
1070 1936 1091 1959 e
1109 1924 1307 1961 assinados
1326 1927 1413 1973 pelo
1437 1928 1481 1962 B.
1509 1927 1552 1962 P.
1578 1928 1735 1974 Xavier,
1753 1932 1861 1965 estao
1877 1929 1952 1966 dis-
1995 1933 2011 1958 ’κ

338 1979 479 2016 tinctos
497 1992 558 2016 em
584 1982 803 2028 paragrafos
828 1984 956 2028 algum
981 1988 1088 2018 tanto
1118 1984 1307 2020 distantes
1337 1987 1436 2021 huns
1465 1986 1535 2022 dos
1565 1992 1711 2032 outros,
1741 1999 1826 2024 eom
1857 1990 1953 2024 letra
1984 2016 1986 2018 -

337 2039 428 2073 hum
453 2051 574 2085 pouco
597 2051 744 2086 grossa,
770 2053 791 2076 e
819 2043 902 2076 n'os
927 2048 1173 2088 entremeyos
1200 2055 1221 2078 e
1247 2055 1424 2090 margens
1454 2045 1612 2081 eotados
1641 2046 1690 2081 de
1718 2052 1828 2082 outra
1858 2049 1954 2083 letra

339 2097 466 2132 miuda
484 2098 532 2133 do
551 2111 697 2135 mesmo
725 2100 766 2134 Ρ.
797 2101 846 2135 Μ.
866 2100 1029 2147 Gaspar,
1048 2113 1133 2136 corn
1151 2103 1324 2148 algumas
1349 2104 1668 2150 consideraeoens
1693 2117 1713 2140 e
1738 2107 1952 2152 propositos
2003 2135 2006 2141 ,
2029 2113 2031 2118 ’

336 2167 428 2202 pera
442 2168 483 2192 se
503 2168 633 2193 mover
651 2170 672 2193 a
690 2170 732 2194 os
752 2159 819 2205 por
845 2171 904 2194 em
923 2163 1130 2206 execquo,
1154 2172 1195 2195 as
1218 2173 1337 2208 quaes
1354 2168 1476 2206 cotas,
1496 2163 1703 2199 tirando-as
1716 2164 1785 2199 dos
1803 2175 1952 2212 meyos,
1984 2172 1986 2174 “

340 2225 399 2249 me
418 2226 580 2260 pareceo
598 2218 735 2263 poll-as
753 2217 841 2264 aqui
860 2229 926 2264 por
945 2218 1090 2264 ordem,
1109 2230 1184 2265 que
1203 2231 1244 2255 se
1263 2220 1371 2256 saiba
1389 2231 1412 2255 o
1428 2231 1521 2256 cazo
1537 2233 1611 2268 que
1629 2233 1652 2256 o
1670 2222 1712 2256 P.
1733 2223 1784 2257 M.
1804 2223 1953 2270 Gaspar
1975 2216 2001 2249 ’ἱ

337 2270 437 2307 fazia
455 2273 503 2308 do
519 2286 592 2321 que
611 2275 692 2311 dito
710 2276 752 2310 P.
774 2276 828 2311 M.
850 2277 1053 2312 Franciseo
1070 2278 1133 2313 lhe
1152 2279 1504 2324 emeommendava,
1524 2291 1546 2315 e
1564 2291 1586 2315 0
1603 2292 1678 2327 que
1697 2283 1766 2316 nos
1786 2281 1835 2316 de
1853 2282 1950 2318 huns

337 2341 360 2365 e
377 2337 507 2368 outros
524 2333 707 2369 devemos
726 2334 843 2379 fazer,
863 2335 932 2370 dos
949 2335 1074 2371 d'este
1090 2347 1157 2382 por
1175 2336 1222 2372 de
1243 2337 1375 2383 Santo,
1394 2338 1464 2373 dos
1481 2338 1674 2385 d’aquelle
1693 2350 1760 2385 por
1774 2339 1821 2375 de
1836 2343 1950 2375 νει-ΞΟ
2022 2342 2030 2388 ,ξ

340 2389 530 2435 insigne.»

410 2451 423 2470 ²
473 2449 610 2486 Statim
645 2457 732 2498 post
759 2454 859 2488 hunc
890 2454 1043 2489 titulum
1072 2454 1263 2491 adduntur
1292 2455 1508 2502 sequentia:
1535 2456 1698 2492 «Tirado
1726 2457 1774 2492 do
1798 2457 1949 2504 proprio
1986 2446 1988 2451 ’
2028 2457 2030 2490 1

340 2505 540 2550 original.»

410 2564 424 2584 ³
474 2566 535 2600 Ad
555 2575 622 2602 1.m
639 2568 746 2603 Todo
764 2570 852 2604 bem
871 2571 918 2605 he
935 2570 984 2605 de
1002 2571 1120 2606 Deos:
1147 2582 1188 2606 as
1211 2571 1324 2607 saltas
1348 2575 1414 2607 sao
1437 2572 1485 2607 de
1513 2571 1642 2608 minha
1669 2578 1790 2619 parte.
1823 2574 1950 2619 Quem
1980 2623 1982 2627 ,

336 2621 445 2656 olhar
461 2633 482 2657 o
500 2625 612 2660 modo
625 2626 673 2661 do
692 2639 779 2662 meu
798 2629 1036 2664 nascimento
1055 2641 1075 2664 e
1093 2641 1274 2676 processo
1292 2630 1340 2666 da
1358 2631 1446 2666 vida
1464 2630 1592 2666 minha
1610 2643 1632 2667 e
1650 2632 1783 2667 estado
1801 2643 1862 2667 em
1875 2643 1950 2679 que
1990 2674 1998 2682 „
2027 2657 2029 2668 ⁴

340 2690 492 2726 sempre
510 2684 575 2718 n’o
592 2685 734 2720 mundo
753 2687 847 2732 vivi,
872 2687 921 2722 de
945 2688 1138 2723 nenhuma
1165 2699 1284 2724 couza
1311 2689 1406 2724 mais
1429 2701 1472 2725 se
1496 2690 1742 2736 espantar[÷i],
1768 2693 1885 2726 senfio
1901 2690 1951 2726 de'
1982 2724 1997 2731 ,
2027 2691 2029 2693 ’

343 2749 410 2773 ver
427 2751 468 2774 as
486 2742 681 2778 bondades
704 2744 752 2779 de
779 2746 884 2780 Deos
902 2749 965 2780 teo
989 2746 1211 2782 manifestas
1241 2758 1302 2782 em
1329 2747 1432 2783 mim:
1464 2749 1552 2794 pelo
1580 2749 1667 2795 qual
1698 2760 1759 2783 me
1788 2759 1952 2784 convem
1990 2774 2003 2779 .,
2027 2775 2029 2782 ,

342 2797 462 2833 muito
479 2811 540 2834 ser
556 2801 725 2837 humilde
742 2803 872 2839 diante
890 2803 938 2839 de
957 2805 1076 2850 Deos,
1095 2805 1178 2852 pois
1196 2808 1258 2841 tao
1276 2806 1327 2842 vil
1347 2818 1497 2853 sempre
1515 2806 1572 2842 fui
1588 2807 1653 2842 n’o
1670 2807 1811 2842 mundo
1842 2812 1952 2842 entre

339 2865 382 2889 as
403 2862 610 2893 creaturas.
643 2859 824 2905 Peeo-lhe
851 2873 966 2908 graqa
995 2874 1085 2909 para
1117 2875 1194 2910 que
1222 2875 1374 2911 sempre
1406 2877 1467 2900 me
1496 2875 1610 2911 possa
1637 2863 1839 2900 confundir
1867 2866 1951 2900 n'as

341 2913 488 2950 minhas
505 2917 632 2963 obras,
651 2919 823 2963 palavras
842 2931 863 2954 e
881 2927 1167 2966 pensament0s‚
1186 2934 1207 2957 e
1224 2922 1292 2958 dar
1309 2934 1461 2970 sempre
1479 2935 1501 2958 a
1515 2923 1638 2968 gloria
1655 2934 1701 2958 ao
1724 2934 1812 2958 meu
1835 2922 1952 2959 Crea-

334 2972 418 3017 dor,
437 2985 511 3020 que
527 2977 733 3011 suscitavit
750 2978 796 3012 de
814 2981 925 3013 terra
942 2979 1113 3024 inopem,
1131 2983 1167 3016 et
1185 2981 1231 3016 de
1247 2984 1415 3017 stercore
1432 2982 1590 3028 erigens
1608 2984 1828 3028 pauperem
1839 3007 1847 3016 .

1999 570 2017 613 ‘k‘

1988 621 2018 682 ξ’.

1992 706 2014 737 ’ἡ

1995 778 2003 788 ⁵
2010 789 2019 795 ι,

1993 799 2018 870 ἷ-

1999 874 2014 904 ³⁴.
