2049 3360
318 191 392 236 962

258 821 348 861 59.

256 1239 346 1277 51.

254 1299 343 1336 55.

251 1597 342 1636 56.

244 2665 326 2702 57.

813 190 1088 225 MONUMENTA
1115 189 1368 224 XAvssmANA

458 290 604 327 factum
623 290 744 326 fuisse
764 291 807 325 P.
828 289 1023 336 Ignatium
1041 289 1089 324 de
1108 289 1301 336 ejectione
1320 290 1363 324 P.
1386 289 1547 325 Antonii
1565 290 1716 326 Gomez
1734 302 1754 325 e
1780 290 1910 327 Socie-

454 356 549 396 tate,
571 350 662 385 licet
681 361 817 385 causas
832 349 946 395 hujus
965 348 1057 384 faeti
1076 349 1203 384 adhue
1221 349 1430 395 ignoraret.
1447 350 1554 384 Haec
1573 349 1731 385 Polanci
1745 350 1910 396 epistola

457 410 546 445 data
564 409 637 444 fuit
650 413 700 453 '24
721 410 819 444 Dec.
838 408 928 443 anni
950 407 1052 452 1553:
1082 408 1201 453 igitur
1225 419 1314 444 cum
1332 408 1492 443 Xaverii
1507 409 1660 444 litterae
1676 409 1777 444 inter
1797 409 1909 456 Apri·

456 468 503 503 lis
523 474 562 503 et
578 468 672 514 Julii
691 479 845 502 menses
864 467 955 502 anni
977 475 1066 512 1552
1084 466 1252 503 fuissent
1271 473 1468 512 exaratae,
1494 473 1554 502 sat
1572 468 1773 513 probabile
1793 479 1908 514 appa·

455 534 514 563 ret
533 539 598 562 eas
623 528 686 562 Fr.
714 527 910 562 Andream
935 526 1182 571 Fernandez,
1207 538 1229 562 a
1253 526 1421 562 Xaverio
1445 527 1608 562 Romam
1632 527 1705 562 hoc
1731 533 1904 574 tempore

455 587 630 631 missurn,
647 592 837 633 portasse,
857 585 960 633 quod
978 584 1096 621 etiam
1113 588 1172 629 (ut
1190 585 1323 621 videre
1342 591 1403 621 est
1422 585 1461 621 in
1480 597 1549 621 sua
1573 586 1761 632 epistola)
1781 586 1904 632 suspi-

454 652 564 682 catur
582 647 666 692 ipse
687 646 891 681 Polaneus.

403 706 476 752 Ep.
507 705 586 750 118,
607 717 644 740 n.
670 703 965 740 3.-Promittit
990 714 1032 738 se
1049 703 1134 749 regi
1159 703 1385 739 Lusitaniae
1412 703 1450 740 in
1475 703 1650 739 favorem
1677 703 1815 739 Didaei
1834 704 1904 739 Pe-

452 764 552 799 reira
570 764 823 810 scripturum.

405 824 476 870 Ep.
514 833 593 866 120,
621 835 663 858 n.
698 822 857 858 1.—Ad
882 822 1060 858 Goanum
1085 822 1335 868 episcopum,
1361 834 1409 858 ne
1435 822 1638 858 differatur
1662 823 1904 870 dispensatio

453 882 737 929 impedimenti,
757 882 790 917 si
804 880 908 929 quod
927 887 987 916 est
1005 887 1047 916 ut
1077 880 1318 927 suspicatur,
1338 881 1473 917 Alvari
1498 881 1684 927 Gentilis,
1710 888 1752 918 ut
1776 882 1905 917 matri-

452 941 622 977 monium
641 941 746 976 ineat
763 952 852 976 curn
872 939 1049 986 muliere,
1068 951 1116 975 ex
1135 951 1211 986 qua
1221 939 1301 986 jam
1320 940 1463 976 liberos
1482 934 1726 988 susceperat.

404 1002 478 1047 Ep.
512 1009 591 1047 127,
618 1013 655 1036 n.
683 999 1015 1035 2.-Lusitaniae
1039 998 1123 1045 regi
1148 999 1298 1034 litteras
1329 999 1467 1042 mittit,
1500 1006 1539 1035 et
1568 999 1727 1047 quidem
1757 999 1901 1047 duplex

452 1062 674 1108 exemplum
699 1059 818 1103 («Vai
849 1071 870 1094 a
889 1065 994 1094 carta
1009 1070 1078 1105 por
1101 1059 1197 1094 duas
1222 1059 1305 1094 vias
1317 1063 1369 1103 »).
1397 1060 1441 1094 In
1466 1059 1602 1095 eadem
1627 1059 1793 1106 epistola
1820 1067 1900 1105 127,

451 1133 492 1155 n.
526 1129 562 1166 7,
581 1120 635 1156 ait
666 1131 708 1155 se
741 1118 825 1165 regi
850 1117 1075 1154 Lusitaniae
1101 1128 1168 1165 pro
1193 1118 1403 1154 Malacensi
1434 1119 1578 1155 vicario
1608 1119 1796 1155 scribere:
1830 1120 1900 1156 abs

449 1179 569 1215 dubio
587 1179 635 1214 de
654 1179 790 1214 eadem
810 1178 974 1225 epistola
992 1178 1036 1213 fit
1053 1189 1195 1213 sermo.

404 1242 473 1287 Ep.
498 1248 577 1286 127,
598 1252 636 1275 n.
658 1249 691 1274 2.
705 1238 878 1274 —Indiae
899 1238 1066 1285 proregi.

401 1300 471 1344 Ep.
503 1298 584 1345 128,
604 1311 640 1333 n.
674 1298 947 1344 1.—Loquitur
970 1297 1020 1332 de
1045 1297 1217 1341 monitis,
1242 1297 1450 1333 Franciseo
1469 1298 1591 1334 Perez
1614 1298 1782 1344 relictis,
1812 1310 1900 1334 cum

447 1359 640 1393 Xaverius
660 1357 698 1393 in
718 1357 922 1404 Japoniam
948 1362 1143 1403 pergeret.
1164 1357 1279 1392 Forte
1298 1368 1344 1392 ea
1369 1357 1460 1401 sint,
1479 1369 1579 1405 quae
1599 1358 1777 1406 superius
1795 1357 1901 1393 dedi-

449 1430 549 1462 mus,
570 1419 642 1453 sub
662 1430 700 1453 n.
725 1426 804 1462 150,
825 1428 889 1463 pp.
910 1415 979 1461 858
995 1422 1035 1452 et
1053 1427 1138 1463 seq.

396 1597 533 1633 Brevis
551 1595 752 1632 doctrinae
772 1595 943 1643 epitome
962 1595 1168 1631 lusitanice
1187 1595 1346 1643 scripta.
1366 1596 1466 1631 Vide
1486 1608 1616 1643 supra,
1636 1607 1725 1643 pag.
1745 1597 1796 1632 V.

445 1656 763 1694 —Catechismus
782 1655 1058 1690 malabaricus.
1083 1655 1183 1690 Vide
1202 1667 1333 1702 supra,
1354 1667 1416 1702 pp.
1438 1656 1472 1690 V
1492 1661 1531 1691 et
1549 1654 1637 1700 367.

449 1717 715 1757 Docebantur,
731 1715 770 1750 in
791 1714 1062 1750 malabaricam
1082 1715 1254 1758 linguam
1275 1726 1478 1761 conversa,
1505 1716 1614 1750 haec:
1638 1715 1792 1761 signum
1811 1728 1895 1753 cru-

444 1777 515 1822 cis,
543 1776 675 1820 credo,
696 1781 905 1822 praecepta
928 1774 1122 1819 decalogi,
1149 1774 1264 1809 Pater
1288 1780 1436 1820 noster,
1460 1785 1532 1809 ave
1558 1773 1697 1819 Maria,
1723 1776 1829 1811 salve
1855 1781 1895 1811 et

441 1835 638 1872 confessio
654 1834 866 1881 generalis,
886 1844 979 1880 pag.
1005 1833 1091 1868 280.

445 1895 613 1930 -«Para
632 1894 837 1929 commodo
854 1893 925 1929 dos
944 1893 1122 1928 meninos
1136 1904 1299 1939 compoz
1314 1893 1458 1928 Xavier
1477 1905 1542 1928 um
1562 1893 1711 1929 tratado
1725 1893 1773 1929 da
1793 1895 1895 1930 Dou-

440 1956 540 1991 trina
559 1954 771 1999 Christam,
797 1965 873 2001 que
889 1965 932 1988 se
952 1952 1146 2000 imprimiu
1171 1964 1233 1988 em
1252 1952 1337 1988 Goa
1367 1964 1415 1988 en
1442 1961 1568 1998 1557.»
1589 1953 1769 1989 FELIPPE
1788 1954 1894 1990 NEm

442 2015 620 2056 ΧΑῊΕΗ,
643 2014 814 2048 Resumo
840 2012 1045 2048 Historico
1058 2013 1130 2047 da.
1146 2039 1153 2047 .
1170 2037 1178 2046 .
1202 2012 1352 2048 vida...
1374 2023 1394 2047 e
1412 2012 1608 2059 milagres
1631 2013 1679 2048 de
1703 2012 1743 2048 S.
1766 2012 1895 2048 Fran-

439 2075 540 2110 ciseo
559 2074 728 2114 Xavier,
745 2072 789 2107 P.
810 2072 841 2117 1,
861 2083 946 2118 cap.
966 2082 989 2117 9
1006 2072 1046 2107 in
1063 2070 1141 2106 fine
1159 2071 1238 2114 (2.¹
1262 2071 1372 2115 edit).

441 2146 506 2166 -«
514 2134 610 2168 Para
625 2131 831 2167 commodo
843 2130 914 2166 dos
929 2130 1108 2166 meninos
1121 2141 1283 2177 compoz
1297 2130 1442 2165 Xavier
1460 2141 1524 2164 um
1541 2129 1715 2165 tractado
1727 2129 1775 2165 da
1790 2131 1894 2166 Dou-

439 2193 541 2228 trina
559 2191 728 2234 Christa,
749 2202 824 2238 que
843 2201 886 2226 se
905 2189 1101 2237 imprimiu
1120 2201 1182 2225 em
1197 2189 1283 2225 Goa
1301 2201 1350 2225 no
1365 2200 1466 2224 anno
1483 2188 1532 2224 de
1551 2197 1654 2234 1557:
1676 2200 1758 2225 mas
1775 2200 1894 2236 agora
1910 2204 1912 2207 ’

440 2261 595 2287 usamos
620 2250 668 2285 da
692 2250 855 2285 cartilha
878 2248 929 2284 do
953 2249 1078 2284 Padre
1103 2249 1254 2284 Marcos
1284 2249 1419 2294 Jorge,
1440 2247 1591 2284 vertida
1615 2260 1664 2283 na
1687 2249 1820 2295 lingua
1842 2249 1891 2285 da

439 2317 542 2346 terra
560 2311 649 2357 pelo
669 2309 792 2345 Padre
811 2310 979 2345 Thomas
998 2309 1182 2352 Estevao‚
1201 2309 1351 2344 natural
1371 2308 1419 2343 de
1439 2307 1629 2354 Londres,
1647 2307 1734 2354 cuja
1752 2311 1890 2344 versae

437 2381 548 2406 corre
574 2381 636 2405 ern
663 2368 773 2405 todas
797 2379 839 2404 as
868 2367 1010 2414 igrejas
1035 2367 1084 2403 do
1115 2378 1265 2402 mesmo
1295 2367 1477 2402 idioma».
1494 2366 1693 2411 -SOUZA,
1723 2367 1888 2404 Oriente

438 2441 566 2475 conq.,
589 2427 648 2463 1.⁸
663 2433 787 2475 part.,
807 2438 919 2475 conq.
940 2427 972 2472 1,
991 2426 1073 2462 div.
1093 2426 1124 2470 1,
1145 2438 1188 2462 n.
1212 2425 1271 2461 23.

440 2487 762 2524 —Cateehismus
794 2485 1038 2522 malacensis.
1071 2484 1172 2520 Vide
1203 2496 1332 2532 supra,
1372 2496 1462 2532 pag.
1501 2485 1569 2530 VI;
1601 2491 1641 2521 et
1670 2491 1887 2532 praeterea,

441 2559 530 2594 pag.
550 2547 636 2592 406,
656 2559 694 2582 n.
716 2545 770 2582 13.

439 2606 761 2643 —Catechismus
775 2604 994 2652 japonicus.
1016 2603 1117 2640 Vide
1137 2615 1268 2650 supra,
1287 2614 1378 2650 pag.
1405 2603 1472 2638 VI.

389 2665 428 2701 S.
451 2666 658 2701 Franciseo
686 2668 867 2712 «compos
892 2665 984 2700 hum
1001 2664 1180 2700 vliurinho
1203 2663 1253 2698 de
1276 2674 1352 2710 que
1376 2662 1491 2698 ainda
1515 2661 1575 2708 oje
1601 2667 1726 2698 ternos
1749 2664 1888 2709 alguns

439 2724 627 2760 eadernos
654 2723 863 2759 mandados
887 2723 1088 2770 daquellas
1115 2727 1247 2768 partes
1271 2731 1316 2756 ao
1340 2720 1459 2768 padre
1484 2720 1611 2767 Diogo
1638 2721 1774 2757 Miram
1797 2722 1887 2757 Pro-

437 2783 578 2818 uincial
597 2783 645 2818 de
665 2783 848 2828 Portugal
868 2782 956 2828 pelo
973 2780 1092 2828 padre
1108 2780 1254 2815 Mestre
1268 2779 1448 2815 Belchior
1461 2778 1649 2815 Carneiro
1667 2778 1885 2815 Prouincial

438 2842 487 2878 da
505 2853 652 2877 mesma
671 2841 797 2887 India,
815 2852 877 2877 ern
894 2852 971 2888 que
989 2839 1089 2875 daua
1107 2851 1129 2874 a
1142 2838 1292 2882 ordem,
1306 2849 1382 2886 que
1401 2849 1537 2874 nossos
1551 2837 1690 2885 padres
1704 2849 1726 2874 e
1744 2837 1885 2874 irmaos

437 2901 564 2936 auiam
583 2901 631 2936 de
649 2900 817 2946 guardar
837 2899 1042 2935 insinando
1067 2910 1089 2934 a
1112 2904 1224 2934 santa
1247 2897 1426 2933 doutrina
1450 2909 1520 2932 nas
1544 2897 1764 2941 fortalezas,
1788 2908 1810 2932 e
1829 2898 1884 2933 lu-

436 2971 566 3006 gares‚
586 2959 687 2994 onde
704 2959 944 3003 residissem3
964 2970 986 2994 e
1003 2957 1210 2994 declaraua
1234 2956 1376 2992 deuota
1400 2967 1422 2992 e
1447 2957 1702 2992 brenemente
1719 2967 1762 2991 os
1781 2967 1885 3003 mys-
