2018 3510
590 217 726 250 EP1ST.
759 221 922 258 17.—15
951 213 1153 258 JANUARH
1182 223 1271 259 1544
1633 214 1702 261 309

200 332 265 373 14.
332 317 686 369 Delectationes,
715 331 828 372 quas
852 316 925 358 hic
949 317 1114 368 habeo,
1136 316 1297 360 fratres
1316 316 1391 372 [in]
1419 317 1614 359 Domino
1638 320 1747 361 cha-

101 395 284 448 rissimi,
311 402 417 439 sunt
436 396 648 450 frequens
667 393 807 437 uestri
831 392 1062 445 memoria,
1083 392 1521 447 consuetudinisque
1539 393 1656 436 illius
1674 410 1746 438 re—

101 473 329 525 cordatio,
371 487 488 528 quae
526 471 633 514 mihi
668 470 904 513 uobiscum
929 485 1008 526 per
1038 484 1251 526 magnam
1280 469 1365 512 Dei
1395 469 1745 514 misericordiam

49 542 56 548 ¹
108 557 234 593 tanto
258 558 458 605 tempore
488 548 588 603 fuit,
615 548 661 590 in
691 562 779 603 qua
814 546 995 602 quidem
1023 545 1353 590 consuetudine
1382 561 1502 588 nunc
1541 540 1746 603 intelligo

105 634 151 671 et
173 626 320 670 sentio
347 633 562 682 quantam
596 625 752 667 infelix
781 639 868 680 ego
902 623 1121 667 iacturam
1146 622 1345 675 fecerim,
1373 622 1450 677 qui
1474 638 1528 665 ex
1552 630 1620 665 tot
1645 631 1744 666 tan-

102 704 254 760 tisque
276 703 525 756 beneficiis,
552 717 668 758 quae
691 702 735 744 in
761 716 842 744 uos
870 703 998 745 Deus
1020 699 1409 743 abundantissime
1431 699 1634 755 protulit,
1656 707 1743 742 tam

103 795 261 836 parum
286 779 492 823 utilitatis
526 778 866 835 reportauerim.
900 779 1047 821 Tanta
1075 776 1184 819 mihi
1213 779 1339 819 Deus
1361 776 1583 820 beneficia
1605 777 1743 833 largi—

98 864 191 910 tur,
219 865 269 900 ut
291 872 369 914 per
406 857 538 913 iuges
576 864 752 900 uestras
781 855 1008 899 orationes
1040 861 1086 898 et
1115 853 1342 897 assiduam
1372 853 1459 897 mei
1483 854 1743 897 memoriam

98 936 223 991 apud
252 937 419 988 Deum,
451 936 559 977 dum
589 949 661 978 me
693 933 777 990 ipsi
806 931 1137 976 commendatis
1167 932 1402 975 absentem
1440 945 1644 987 corpore,
1676 932 1744 973 di—

101 1018 270 1069 gnetur
293 1012 401 1055 mihi
424 1012 664 1055 ostendere
681 1025 888 1055 meorum
910 1008 1247 1052 multitudinem
1270 1015 1577 1064 peccatorum,
1601 1008 1742 1051 uires—

99 1103 190 1144 que
212 1096 257 1134 et
276 1089 584 1133 fortitudinem
607 1087 912 1144 suppeditare,
935 1093 985 1129 ut
1008 1086 1126 1130 inter
1142 1085 1348 1128 infideles
1367 1084 1537 1128 uersari
1559 1099 1738 1139 queam.

103 1168 259 1222 Quare
281 1169 380 1210 Deo
402 1174 446 1210 et
470 1166 600 1209 uobis
623 1165 793 1222 gratias
816 1165 849 1187 ‘⁴⁶
875 1179 979 1221 ago,
1007 1165 1168 1207 fratres
1190 1163 1236 1205 in
1253 1162 1450 1206 Domino
1473 1161 1738 1205 charissimi.

100 1244 222 1286 Inter
251 1244 391 1286 multa
419 1251 589 1297 autem,
625 1258 741 1298 quae
763 1241 987 1285 Dominus
1010 1240 1135 1283 dedit
1157 1241 1327 1295 datque
1356 1239 1574 1295 quotidie,
1600 1240 1741 1283 bene-

99 1320 218 1376 ficia,
243 1335 385 1363 unum
407 1320 519 1363 illud
536 1320 781 1363 maximum
806 1326 891 1371 est,
917 1319 1039 1374 quod
1056 1317 1164 1360 mihi
1183 1317 1340 1361 uidere
1356 1317 1499 1368 licuit,
1520 1323 1571 1359 ut
1588 1324 1741 1360 nostra

94 1399 303 1443 Societas
341 1405 385 1443 et
417 1399 489 1441 lex
512 1397 699 1441 uiuendi
738 1397 920 1440 tandem
943 1395 1249 1438 cardinalibus
1272 1401 1317 1439 et
1347 1394 1558 1437 Pontifici
1591 1409 1740 1437 roma—

96 1491 156 1519 no
179 1478 462 1533 probaretur,
484 1475 540 1518 ab
563 1474 628 1519 eis
649 1473 927 1518 stabiliretur
948 1480 994 1516 et
1011 1460 1149 1515 robur
1167 1471 1406 1528 acciperet.
1430 1471 1499 1516 Sit
1515 1471 1740 1515 Dominus

97 1568 177 1610 per
199 1554 354 1597 secula
384 1551 669 1604 benedictus,
695 1550 800 1607 quia
838 1550 987 1593 uisum
1011 1556 1080 1594 est
1103 1548 1144 1593 ei
1167 1550 1315 1605 palam
1348 1549 1498 1592 facere
1528 1549 1591 1603 id,
1617 1550 1739 1604 quod

91 1638 203 1685 -ante
239 1631 418 1674 occulte
456 1630 491 1651 ⁴⁷
529 1643 664 1673 seruo
699 1643 805 1681 suo,
840 1627 965 1671 Patri
994 1634 1148 1671 nostro
1184 1626 1387 1683 Ignafio,
1418 1625 1733 1682 inspirauerat.

98 1708 238 1751 Anno
276 1708 432 1764 elapso
470 1706 628 1763 scripsi
666 1707 723 1749 ad
761 1720 844 1749 uos
882 1719 1122 1748 numerum
1160 1703 1423 1756 missarum,
1465 1718 1578 1758 quas
1616 1703 1737 1759 apud

98 1784 247 1838 indos,
273 1785 401 1827 iussu
423 1784 595 1827 domini
613 1783 792 1840 Ignatii,
814 1782 1022 1836 fecimus;
1043 1781 1266 1825 dictarum
1284 1795 1394 1824 uero
1410 1783 1497 1823 hoc
1514 1795 1633 1823 anno
1650 1795 1738 1823 nu-

99 1876 274 1905 merum
297 1877 391 1904 non
416 1868 563 1906 teneo.
588 1862 654 1904 Ita
676 1861 813 1904 finem
838 1859 969 1912 facio,
995 1860 1145 1903 Deum
1168 1873 1319 1912 orans,
1347 1864 1397 1900 ut
1419 1857 1495 1913 qui
1511 1872 1592 1913 per
1609 1871 1738 1900 suam

96 1938 451 1984 misericordiam
474 1953 557 1981 nos
579 1953 635 1981 ex
659 1945 724 1981 tot
746 1936 1007 1981 nationibus
1029 1935 1231 1993 coegerit
1253 1942 1527 1990 coactosque
1554 1948 1737 1990 separa—

99 2016 231 2070 uerit,
258 2016 369 2059 alios
393 2024 483 2059 tam
505 2016 664 2072 procul
688 2016 743 2058 ab
768 2014 866 2058 aliis
888 2013 1121 2068 dirimens,
1146 2013 1311 2056 iterum
1334 2027 1416 2055 nos
1445 2012 1606 2068 iungat
1634 2017 1738 2067 post

99 2093 240 2137 uitam
263 2093 308 2136 in
332 2108 414 2137 sua
437 2092 597 2150 gloria.

191 2180 258 2225 15.
326 2171 463 2226 Quod
487 2177 536 2212 ut
559 2169 805 2223 obtineam,
831 2169 877 2211 in
895 2167 1113 2211 auxilium
1131 2181 1249 2209 uoco
1267 2180 1423 2210 omnes
1440 2172 1621 2209 sanctas
1639 2164 1733 2208 ani—

94 2245 195 2290 mas
215 2247 353 2290 huius
375 2247 592 2304 regionis,
618 2262 751 2302 quae,
777 2261 856 2302 per
878 2260 950 2288 me
972 2244 1242 2301 baptizatae,
1263 2242 1309 2285 in
1332 2258 1414 2286 sua
1430 2242 1691 2286 innocentia
1712 2256 1738 2285 a

97 2325 232 2370 terris
261 2326 318 2368 ad
355 2324 545 2382 gloriam
568 2325 845 2376 euolarunt,
885 2336 1075 2366 numero
1107 2322 1260 2378 plures
1297 2335 1432 2376 quam
1469 2320 1601 2363 mille.
1640 2320 1737 2362 Has

97 2417 258 2446 omnes
300 2410 481 2445 sanctas
518 2401 690 2445 animas
727 2415 825 2453 oro,
867 2406 917 2442 ut
954 2398 1088 2442 nobis
1125 2398 1319 2455 gratiam
1356 2397 1619 2450 concilient,
1658 2410 1739 2453 per

99 2493 237 2534 quam
262 2486 356 2522 toto
379 2478 515 2522 huius
538 2477 659 2522 exilii
682 2485 884 2533 tempore
906 2476 992 2520 Dei
1014 2474 1344 2518 sanctissimam
1369 2475 1649 2518 uoluntatem
1667 2473 1738 2516 in-

99 2556 376 2613 telligamus,
403 2556 677 2599 intellectam
701 2554 809 2597 totis
832 2553 1007 2596 uiribus
1029 2552 1312 2609 impleamus.

187 2635 255 2676 Ex
277 2633 467 2677 Cochim
497 2644 545 2687 15
563 2631 767 2690 Januarii
791 2645 912 2674 anno
942 2643 958 2674 Ι
967 2640 1068 2685 544.

126 2695 129 2698 Ι
389 2711 554 2754 Vester
576 2709 621 2751 in
644 2708 827 2752 Christo
850 2706 1142 2750 charissimus
1165 2707 1318 2759 frater,

1113 2785 1149 2827 F
1154 2797 1435 2828 RANCISCUS.

174 2954 206 2976 ⁴⁶
253 2954 394 3000 gratia,
413 2965 491 2989 ms,
694 2954 724 2973 4⁷
777 2953 922 2999 oculte,
940 2963 1000 2986 ms
