2018 3510
8 217 10 221 ’
0 0 35 186 ,ἵξῃ

6 258 12 263 .
7 235 13 246 -.
6 153 16 206 w

21 158 32 264 rem-1

555 165 704 208 *Emsr
733 165 889 208 46.—2o
916 166 1116 211 JANUARH
1147 178 1235 213 ¹544
1602 171 1672 217 357

10 272 12 274 ’
78 265 302 316 ostendat,
329 264 507 308 interim
532 265 682 320 inopia
704 265 915 308 Doctoris
938 266 984 308 in
1013 267 1159 309 caecis
1189 269 1387 311 tenebris
1416 284 1467 311 ac
1498 273 1716 325 gravissi-

80 356 253 385 morum
276 341 510 384 criminum
544 342 770 394 sordibus,
804 349 848 385 et
877 357 1009 385 suum
1034 344 1297 387 Creatorem
1321 346 1535 390 continue
1568 351 1711 392 offen-

80 419 210 472 dunt,
235 425 280 461 et
308 433 412 460 suas
441 418 524 474 ipsi
557 418 728 461 animas
760 419 922 463 misere
959 419 1005 461 in
1044 427 1277 463 aeternum
1313 421 1498 464 exitium
1536 426 1708 478 praeci—

81 495 237 552 pitant.

166 585 205 626 3.
273 573 453 614 Referet
478 572 701 617 Maiestati
725 575 850 616 Tuae
874 587 988 629 quae
1010 587 1095 616 usu
1119 581 1349 628 comperta
1372 575 1508 618 habet
1537 577 1593 618 de
1623 579 1695 620 do-

77 649 241 692 cilitate
269 651 428 690 harum
463 649 709 692 Nationum
739 651 795 692 ad
823 650 996 702 Fidem,
1029 651 1176 706 deque
1211 650 1401 694 caeteris
1438 655 1695 706 opportuni-

76 725 240 769 tatibus
263 740 379 780 quae
401 726 473 768 hic
497 741 545 770 se
574 728 770 769 offerunt
792 726 855 770 rei
883 726 1166 769 Christianae
1195 727 1310 769 bene
1339 728 1582 782 gerendae,
1615 730 1700 772 Mi--

69 803 195 846 chael
218 802 401 854 Vazius,
429 803 505 858 qui
530 803 860 860 Proepiscopus
883 802 956 846 hic
980 804 1078 855 fuit,
1106 803 1210 845 hinc
1233 804 1366 846 modo
1388 805 1444 846 ad
1467 819 1547 846 vos
1576 812 1699 848 tran—

0 904 1 907 =
66 879 199 922 siens.
226 881 267 922 Is
289 886 465 922 tantum
488 880 558 923 sui
579 880 851 925 desiderium
875 879 1144 923 Christianis
1167 881 1327 923 harum
1348 880 1543 935 partium
1562 882 1697 924 relin—

63 955 175 1010 quit,
202 962 252 997 ut
275 955 440 998 remitti
463 958 551 999 huc
574 972 677 1001 eum
700 957 850 1000 statim
873 971 991 999 anno
1020 956 1228 1011 sequenti
1257 957 1313 998 ad
1342 957 1695 1001 consolationem

64 1039 110 1075 et
129 1031 399 1087 praesidium
422 1032 621 1089 ipsorum
645 1033 869 1090 expediat:
896 1048 1168 1088 quamquam
1197 1040 1267 1076 est
1295 1047 1376 1076 cur
1404 1033 1449 1075 id
1477 1035 1694 1079 decernas

64 1115 139 1151 tua
160 1108 299 1164 ipsius
321 1123 471 1153 causa.
499 1110 721 1153 Nimirum
744 1118 795 1153 ut
817 1110 881 1153 sic
903 1125 1124 1154 exoneres
1146 1110 1192 1153 in
1216 1117 1305 1152 tam
1328 1110 1540 1155 idoneum
1559 1119 1604 1154 et
1621 1112 1691 1154 in-

60 1184 280 1228 dustrium
304 1185 798 1239 Ministrum,.officium
823 1202 913 1242 quo
936 1187 1113 1244 urgeris
1135 1187 1279 1243 gravi,
1312 1190 1621 1242 procurandae
1645 1189 1690 1232 in

62 1261 128 1304 his
154 1261 265 1304 locis
302 1262 497 1307 Divinae
534 1263 732 1307 Gloriae.
775 1265 876 1307 Hoc
913 1264 1032 1307 enim
1072 1271 1161 1307 tam
1200 1264 1322 1306 fideli
1359 1264 1684 1319 dispensatore,

59 1344 236 1394 tamque
260 1339 533 1395 experiente,
568 1340 642 1384 isti
671 1341 856 1396 negotio
884 1342 1129 1397 praefecto,
1159 1355 1319 1385 secure
1347 1348 1474 1396 potes
1502 1342 1686 1396 acquie—

56 1429 194 1459 scere:
220 1423 370 1459 certus
393 1416 540 1472 ipsum
564 1432 644 1473 pro
667 1434 720 1462 ea
747 1418 985 1462 excellenti
1013 1418 1197 1470 virtute,
1229 1433 1318 1472 qua
1341 1425 1406 1460 tot
1428 1419 1557 1461 annis
1578 1434 1683 1475 pro-

57 1491 157 1534 bata
178 1493 513 1537 venerationem
544 1494 682 1537 totius
703 1495 777 1537 hic
804 1495 957 1551 populi
988 1495 1166 1548 meruit,
1198 1496 1366 1538 nullam
1394 1496 1682 1550 praetermis-

54 1582 207 1612 surum
229 1570 511 1614 occasionem
535 1571 783 1628 Religionis
804 1574 877 1616 vel
900 1573 1094 1617 tuendae
1115 1574 1188 1617 vel
1211 1574 1463 1628 augendae.

127 1658 181 1700 ι4.
245 1648 411 1690 Iterum
435 1648 570 1692 etiam
588 1656 723 1705 atque
739 1650 873 1693 etiam
892 1665 1004 1706 rogo
1022 1657 1157 1705 atque
1174 1651 1374 1693 obtestor
1396 1650 1678 1694 Maiestatem

55 1723 211 1775 Tuam,
237 1730 288 1767 ut
309 1724 346 1767 si
368 1724 454 1768 Dei
476 1726 693 1782 obsequio
715 1734 760 1770 et
782 1727 1010 1771 Ecclesiae
1033 1727 1283 1769 rationibus
1304 1728 1562 1769 consultum
1589 1727 1673 1780 vis;

53 1798 89 1841 si
111 1806 173 1843 tot
194 1801 346 1856 probis
374 1809 419 1845 et
446 1803 640 1846 laudatis
663 1803 922 1847 hominibus
943 1804 990 1846 in
1012 1804 1137 1847 India
1158 1803 1449 1860 degentibus,
1475 1803 1512 1846 si
1542 1803 1675 1846 Chri-

49 1875 202 1920 stianis
239 1892 396 1922 recens
433 1880 663 1922 conversis
695 1881 751 1923 ad
788 1882 999 1924 Nostram
1037 1882 1250 1925 Sanctam
1287 1880 1460 1932 Fidem,
1496 1880 1533 1922 si
1565 1880 1674 1923 mihi

47 1953 236 2009 denique
257 1955 502 2011 quidquam
531 1957 577 1999 in
599 1959 683 2000 hac
710 1958 804 2001 vita
831 1958 1077 2015 gratificari
1106 1958 1217 2000 tanti
1250 1958 1394 2010 ducis,
1430 1957 1586 2001 iubeas
1616 1959 1672 2000 ad

48 2043 126 2072 nos
141 2031 285 2076 redire
309 2032 575 2078 Michaelem
600 2034 790 2078 Vazium
815 2035 1185 2091 Proepiscopum,
1211 2035 1288 2090 qui
1305 2035 1438 2077 modo
1455 2034 1560 2077 hinc
1577 2034 1670 2077 dis-

45 2106 175 2150 cedit.
201 2109 304 2151 Non
326 2109 438 2153 aliae
461 2110 570 2152 mihi
592 2125 755 2154 causae
777 2113 864 2154 hoc
890 2112 1073 2167 petendi
1103 2119 1210 2154 sunt
1238 2126 1372 2166 quam
1400 2111 1668 2167 obsequium

45 2183 268 2237 Divinum,
309 2185 635 2230 incrementum
673 2189 868 2231 Nostrae
901 2190 1095 2233 Sanctae
1132 2188 1274 2241 Fidei,
1321 2196 1366 2232 et
1403 2187 1666 2232 exoneratio

44 2259 353 2307 Conscientiae
390 2263 639 2308 Maiestatis
672 2267 812 2309 Tuae.
856 2267 975 2310 Vere
1011 2281 1083 2310 me
1119 2266 1243 2321 loqui
1279 2267 1406 2310 Deus
1442 2265 1666 2308 Dominus

45 2334 206 2381 Noster
241 2340 349 2382 mihi
387 2341 513 2384 testis
551 2349 634 2386 est.
676 2343 780 2387 Scio
816 2342 935 2387 enim
972 2350 1191 2398 quantum
1229 2343 1330 2386 talis
1366 2342 1450 2385 viri
1485 2342 1665 2386 deside-

42 2411 167 2467 rium,
198 2424 366 2471 quanta
393 2419 639 2462 necessitas
667 2419 714 2462 in
741 2420 811 2462 his
834 2419 940 2464 Oris
969 2420 1042 2462 sit.
1078 2421 1200 2476 Ergo
1235 2427 1286 2462 ut
1314 2419 1461 2463 officio
1483 2419 1663 2463 satisfa-

39 2487 164 2543 ciam,
189 2499 233 2535 et
254 2494 576 2538 conscientiam
598 2511 686 2552 ego
713 2511 894 2552 quoque
916 2512 1060 2541 meam
1083 2498 1339 2549 deonerem,
1365 2497 1467 2540 dico
1489 2504 1534 2541 et
1556 2511 1662 2553 pro-

38 2564 162 2610 fiteor
183 2569 407 2613 Maiestati
430 2573 571 2625 Tuae,
598 2573 780 2616 omnino
802 2573 1107 2617 necessarium
1129 2588 1244 2627 esse,
1271 2574 1308 2617 si
1330 2574 1457 2630 cupis
1480 2588 1659 2630 promo-

37 2642 126 2686 veri
146 2645 408 2703 dilatarique
431 2650 646 2692 Nostram
669 2652 883 2695 Sanctam
907 2651 1062 2694 Fidem
1086 2651 1132 2694 in
1162 2651 1231 2695 his
1260 2651 1412 2695 Indiae
1441 2650 1657 2708 Regioni-

34 2717 130 2773 bus,
161 2722 198 2764 si
227 2730 355 2779 optas
384 2739 461 2769 eos
490 2727 567 2781 qui
595 2727 823 2771 Ecclesiae
851 2728 939 2771 iam
969 2729 1210 2785 aggregati
1241 2737 1363 2781 sunt,
1397 2730 1453 2771 ab
1485 2744 1538 2773 ea
1566 2742 1658 2770 non

30 2797 173 2852 avelli,
197 2806 241 2842 et
262 2801 318 2843 ad
345 2802 513 2857 patrias
541 2803 887 2859 superstitiones
916 2805 1077 2858 redire,
1110 2808 1306 2849 offensos
1335 2821 1387 2849 ac
1418 2805 1656 2849 deterritos

35 2873 179 2918 multis
200 2875 372 2921 iniuriis
394 2893 447 2922 ac
468 2879 783 2924 vexationibus
806 2895 919 2936 quas
940 2896 1104 2938 graves
1132 2883 1366 2939 patiuntur
1393 2880 1656 2939 praesertim

34 2960 62 2989 a
79 2949 292 2996 Ministris
319 2955 569 3000 Maiestatis
591 2958 734 3009 Tuae,
768 2965 819 3000 ut
845 2959 936 3002 huc
964 2958 1116 3002 mittas
1146 2959 1414 3004 Michaelem
1445 2958 1652 3012 Vazium,
