2018 3510
570 208 708 244 EP1ST.
737 205 897 252 73.—2o
926 207 1125 252 JANUARH
1156 214 1244 251 1549
1602 215 1668 251 505

87 310 382 353 voluntatem.
403 310 504 366 Jam
529 307 680 363 agitur
702 308 759 351 de
777 306 982 362 Collegio
1005 306 1115 349 inibi
1139 306 1430 360 instituendo,
1464 308 1538 349 ubi
1563 306 1716 363 pupilli

88 386 136 429 in
157 386 309 443 primis
331 384 667 437 Lusitanorum,
708 383 871 427 deinde
910 382 1269 426 Christianorum
1309 384 1711 437 Comorinensium,

88 470 135 507 et
157 465 487 506 Thomaeorum
509 460 789 503 erudiantur.
818 461 933 503 Nam
957 458 1185 515 oppidani,
1212 458 1288 514 qui
1307 466 1351 502 et
1374 460 1503 514 pauci
1533 468 1653 511 sunt,
1675 468 1719 503 et

93 554 121 583 a
140 555 189 584 re
210 538 413 582 familiari
451 539 567 580 male
604 536 855 588 constituti,
896 535 1185 580 seminarium
1223 551 1280 579 ne
1308 535 1518 578 inchoare
1542 536 1718 590 quidem

94 615 188 660 suis
209 615 500 659 facultatibus
524 620 728 670 possunt.
756 612 925 669 Scripsi
945 626 1081 668 super
1118 626 1171 654 ea
1193 626 1240 654 re
1271 612 1327 654 ad
1351 613 1537 666 Regem,
1569 619 1714 655 osten-

89 693 204 738 dens
228 692 273 735 id
294 691 531 748 negotium
568 696 738 747 quanto
776 690 957 733 tandem
980 688 1082 731 usui
1105 688 1162 731 sit
1194 687 1478 731 Christianae
1515 688 1721 743 religioni

92 770 310 812 futurum.
334 768 579 824 Transiges
597 781 701 810 cum
725 768 867 822 Rege,
895 773 945 808 ut
966 765 1120 810 Indiae
1144 764 1364 815 Praetori,
1391 764 1587 818 itemque
1612 767 1722 806 Pro-

89 845 286 890 curatori
309 861 392 889 suo
415 846 598 888 mandet
621 851 671 887 ut
693 843 739 886 id
768 842 1047 886 domicilium
1077 857 1132 885 ex
1169 841 1349 898 publico
1388 840 1592 884 aedificet
1617 840 1724 883 satis

93 924 244 967 laxum
267 924 323 966 ad
345 923 599 979 complures
628 922 762 964 orbos
792 927 888 963 tum
918 919 1254 971 Lusitanorum,
1288 924 1383 960 tum
1414 916 1723 973 indigenarum

99 1000 264 1044 liberos
282 1000 483 1043 alendos.

189 1088 256 1131 17.
322 1076 513 1120 Coulani
530 1076 650 1119 enim
672 1089 848 1118 summa
865 1073 993 1130 copia
1014 1079 1083 1116 est
1101 1087 1153 1115 ac
1177 1072 1323 1115 vilitas
1340 1086 1490 1115 rerum
1508 1070 1723 1122 omnium,

97 1161 144 1198 et
166 1168 304 1211 parva
326 1154 528 1210 impensa
549 1152 743 1197 maxima
770 1153 1054 1195 alumnorum
1077 1149 1290 1193 sustineri
1306 1155 1454 1205 potest
1471 1147 1723 1189 multitudo.

99 1231 149 1276 Si
165 1231 262 1287 ipse
277 1233 367 1274 huc
383 1230 555 1282 venies,
582 1230 740 1275 Simon
757 1230 895 1271 frater
912 1226 1188 1278 charissime,
1210 1225 1419 1269 nimirum
1438 1233 1543 1267 tuus
1561 1224 1729 1267 adven—

98 1315 173 1351 tus
194 1322 362 1364 magno
385 1315 430 1352 et
451 1307 516 1350 rei
539 1306 821 1351 Christianae
844 1305 1165 1355 emolumento,
1186 1310 1231 1346 et
1249 1302 1330 1344 tibi
1348 1301 1515 1358 gaudio
1534 1300 1632 1352 erit3
1653 1300 1731 1343 sed

98 1385 162 1428 ita
182 1384 220 1428 si
243 1384 368 1441 regia
389 1385 637 1427 instructus
659 1382 900 1427 autoritate
931 1381 1088 1424 venias
1124 1381 1180 1423 ad
1202 1379 1287 1422 Dei
1325 1379 1497 1421 cultum
1535 1384 1579 1420 et
1603 1375 1731 1419 Chri-

98 1461 269 1505 stianos
291 1461 528 1518 indigenas
550 1460 870 1503 sublevandos.
899 1459 1066 1501 Iterum
1085 1464 1129 1499 te
1151 1470 1313 1499 moneo
1342 1461 1392 1496 ut
1421 1453 1560 1509 Regis
1592 1451 1730 1508 Regi-

99 1552 276 1594 naeque
297 1538 457 1594 opibus
481 1538 622 1580 fultus
644 1539 734 1580 huc
765 1535 936 1587 venias,
969 1549 1059 1590 quo
1094 1533 1353 1577 Praefectos
1383 1538 1427 1575 et
1459 1517 1731 1573 Procurato-

101 1630 173 1659 res
195 1615 346 1672 regios
368 1614 604 1658 contineas
626 1613 672 1656 in
699 1613 863 1657 officio.
905 1613 1022 1655 Tum
1051 1612 1232 1653 demum
1261 1607 1381 1652 enim
1409 1606 1608 1650 omnium
1636 1603 1733 1661 opi-

106 1692 242 1736 nione
262 1692 423 1735 melius
444 1692 501 1735 de
516 1690 657 1743 India,
683 1697 729 1734 et
752 1689 921 1733 Christi
944 1687 1071 1731 cultu
1093 1685 1350 1729 mereberis.

202 1770 268 1812 18.
334 1770 501 1812 Laetos
521 1783 546 1811 e
570 1769 743 1812 Malaca
760 1766 952 1809 nuncios
969 1763 1123 1821 accepi
1140 1764 1196 1807 de
1212 1777 1260 1806 re
1278 1760 1534 1806 Christiana
1553 1775 1578 1802 a
1594 1761 1629 1802 F
1633 1773 1737 1801 ran-

106 1846 228 1889 cisco
250 1848 382 1900 Pere,
407 1852 452 1890 et
474 1846 630 1889 Rocho
654 1843 855 1888 Oliveria
886 1842 1116 1899 praeclare
1147 1847 1290 1897 gesta.
1332 1840 1400 1881 Ex
1421 1851 1576 1880 eorum
1599 1834 1738 1877 literis

107 1922 256 1966 omnia
278 1936 539 1977 cognosces.
573 1921 747 1978 Optimi
775 1927 928 1965 autem
952 1934 1008 1964 ex
1038 1918 1220 1962 Moluco
1249 1914 1403 1958 nuncii
1433 1913 1736 1970 perferuntur;

107 1999 274 2056 quippe
310 1999 358 2042 in
394 1999 600 2043 maximis
638 1997 884 2050 aerumnis,
925 1994 1246 2054 perpetuisque
1268 1992 1386 2034 vitae
1409 1988 1740 2033 discriminibus

101 2078 302 2134 Joannes
324 2076 471 2130 Beira,
497 2077 688 2132 ejusque
716 2075 827 2119 socii
849 2079 1106 2124 versantur,
1138 2084 1304 2126 magno
1334 2082 1435 2111 cum
1455 2064 1742 2110 Christianae

111 2153 340 2210 religionis
369 2152 667 2196 incremento.
700 2154 873 2196 Rumor
909 2151 966 2195 de
1004 2148 1164 2192 Beirae
1202 2146 1340 2190 caede
1362 2143 1605 2198 dissipatus
1636 2139 1744 2182 mihi

114 2230 295 2286 quidem
324 2229 470 2272 inanis
507 2230 703 2273 videtur.
745 2230 845 2285 Ipse
883 2228 940 2271 ad
977 2241 1049 2269 me
1086 2225 1222 2282 paulo
1259 2229 1363 2265 ante
1394 2221 1450 2262 de
1478 2218 1571 2261 suis
1593 2218 1743 2267 rebus,

113 2306 357 2359 aerumnis,
397 2321 450 2350 ac
487 2305 700 2363 periculis
736 2303 1085 2362 diligentissime
1121 2298 1316 2356 scripsit.
1358 2297 1468 2352 Ejus
1505 2293 1613 2338 socii
1645 2298 1748 2349 post

116 2383 363 2428 discessum
395 2383 582 2426 navium
603 2398 660 2428 ex
698 2383 896 2435 Moluco,
932 2387 1023 2424 tres
1060 2391 1240 2422 menses
1276 2377 1548 2430 hyemarunt
1565 2371 1611 2413 in
1633 2371 1748 2413 Am-

118 2460 270 2504 boino.

211 2549 277 2596 19.
343 2537 528 2582 Interim
543 2538 746 2596 Joannes
769 2535 902 2581 Beira
931 2549 985 2579 eo
1013 2548 1071 2577 ex
1099 2529 1300 2576 Maurica
1328 2526 1453 2571 venit
1481 2527 1537 2568 ad
1566 2523 1748 2568 Praefe-

117 2620 258 2668 ctum,
290 2622 500 2672 rogatum
530 2622 580 2658 ut
603 2614 926 2658 Lusitanorum
948 2624 1131 2654 manum
1155 2605 1368 2651 Mauricis
1385 2600 1652 2647 Christianis
1669 2613 1750 2641 au-

119 2690 227 2734 xilio
258 2692 472 2736 mitteret.
508 2690 773 2736 Revertenti
802 2689 849 2732 in
882 2687 1129 2733 Mauricam
1161 2700 1216 2729 ex
1249 2684 1429 2727 Moluco
1460 2677 1612 2724 nescio
1645 2673 1750 2731 quid

118 2763 182 2811 illi
203 2769 388 2825 gravius
409 2768 629 2814 accidisse
649 2766 830 2819 dicitur,
855 2766 978 2822 quod
999 2778 1087 2821 ego
1109 2775 1257 2817 neque
1278 2759 1398 2802 illius
1418 2755 1573 2806 literis,
1605 2765 1751 2806 neque

118 2843 292 2890 idoneis
314 2845 549 2889 autoribus
571 2843 788 2900 comperi.
814 2844 930 2886 Illud
951 2855 1032 2899 pro
1053 2847 1179 2884 certo
1206 2837 1428 2881 affirmare
1459 2833 1618 2881 audeo,
1652 2835 1752 2869 tan-

123 2935 258 2977 quam
279 2936 438 2966 aurum
458 2922 505 2965 in
527 2921 709 2965 fornace
730 2918 910 2977 probari
933 2932 1011 2963 eos
1032 2916 1110 2972 qui
1138 2917 1286 2959 Deum
1315 2926 1368 2955 ac
1395 2908 1620 2967 proximos
1650 2902 1752 2946 dili-

127 3005 257 3054 gunt.
283 2999 504 3056 Equidem
525 2999 649 3043 haud
669 2997 766 3041 scio
795 3011 853 3040 an
886 3008 1077 3051 usquam
1099 2992 1146 3035 in
1175 2998 1270 3034 toto
1298 2989 1409 3032 orbe
1437 2982 1692 3029 Christiano
1723 2977 1753 3019 ii
