2049 3360
805 136 950 170 APPEN
957 144 1025 171 mx
1051 146 1073 180 4
1632 138 1703 181 969

183 233 253 278 Ep.
275 245 311 268 n.
334 233 425 269 96.
480 236 598 270 Prout
629 243 737 272 extat
768 238 862 271 haec
894 236 1072 283 epistola,
1106 249 1153 271 ex
1184 238 1267 272 cod.
1311 237 1493 282 Villarej.
1525 236 1748 283 desumpta,

110 294 330 338 apocrypha
348 305 505 338 prorsus
525 302 597 339 est3
619 297 671 331 ait
691 296 792 331 enim
813 296 922 331 initio
948 296 1176 342 paragraphi
1201 305 1233 330 2:
1263 297 1463 331 «Estamos
1483 308 1531 330 611
1552 295 1747 341 Cangoxi—

113 361 186 385 ma.
211 377 219 385 .
239 351 388 386 adonde
408 354 597 398 llegamos
617 367 667 389 vn
685 359 758 390 afio
783 356 899 401 [Vh]a:»
926 356 1045 400 igitur
1070 355 1222 390 initium
1247 355 1361 400 hujus
1386 355 1573 401 epistolae
1602 355 1746 390 scribe-

111 410 177 444 bat
195 411 385 446 Xaverius
407 425 539 447 mense
556 415 724 459 Augusti
744 416 833 449 anni
856 423 962 459 1550.
985 415 1063 449 Sed
1082 426 1102 449 a
1120 415 1359 461 paragrapho
1372 425 1395 459 4
1420 426 1541 460 usque
1563 414 1609 448 ad
1628 414 1745 449 finem

110 480 155 503 ea
174 476 301 504 narrat
319 483 417 517 quae
436 472 475 506 in
496 473 674 517 FirandO,
695 474 929 519 Amangucii
948 480 987 508 et
1006 474 1145 517 Meaci,
1171 481 1209 509 et
1234 474 1374 508 iterum
1398 474 1645 519 Amangucii,
1666 479 1745 509 tam

107 527 181 572 ipsi
198 540 312 574 quam
332 530 412 564 suis
429 530 553 565 sociis
584 532 822 574 aeciderunt,
853 544 952 578 quae
982 531 1139 578 quidem
1159 543 1180 565 a
1211 532 1431 577 Septembri
1463 532 1554 572 anni
1590 540 1678 575 1550
1697 531 1745 565 ad

111 597 283 621 mensem
304 588 566 624 Novembrem
587 590 786 636 sequentis
806 590 896 625 anni
911 590 1102 635 accidere,
1123 602 1211 624 nam
1230 591 1302 624 1106
1322 590 1457 624 ultimo
1476 597 1651 635 tempore
1670 590 1745 624 Xa-

107 646 237 680 verius
257 647 295 681 in
315 647 463 682 Indiam
494 661 675 684 reversus
709 656 781 684 est.
817 651 869 684 Ea
894 649 1022 684 omnia
1051 661 1150 695 quae
1182 654 1399 693 narrantur,
1420 655 1460 684 et
1479 650 1599 683 multo
1618 650 1742 695 plura,

104 705 297 740 habentur
316 707 355 741 in
375 719 440 753 ep.
465 708 644 752 originali
663 708 767 751 (vide
788 721 917 755 supra,
934 710 1007 743 sub
1034 721 1072 743 n.
1098 711 1194 752 100),
1222 708 1269 742 ad
1295 708 1420 743 socios
1445 708 1483 742 in
1504 709 1659 754 Europa
1678 707 1743 742 de-

101 770 242 808 gentes
262 765 364 809 data,
384 767 486 813 quod
507 773 636 802 tamen
662 769 755 802 satis
782 780 856 802 non
884 773 943 802 est
968 774 1010 802 ut
1041 767 1156 802 liceat
1186 768 1376 810 affirmare
1407 767 1619 802 Xaverium
1644 768 1742 810 hanc

103 824 308 868 epistolam
327 837 403 860 non
423 838 623 862 exarasse.
648 828 770 873 Igitur
790 834 831 863 ut
851 828 992 871 onmia,
1011 839 1110 874 quae
1125 827 1164 862 in
1179 827 1343 874 epistola
1359 832 1574 870 narrantur,
1596 826 1742 872 optime

101 882 204 917 inter
223 895 264 918 se
284 886 550 930 cohaererent,
569 888 640 921 hae
656 899 799 933 paucae
817 887 1051 922 mutationes
1068 892 1201 921 essent
1215 886 1519 921 introducendae
1535 885 1573 920 in
1589 897 1739 932 paragr.

108 951 121 976 1
144 948 183 977 et
201 952 234 977 2:
257 943 295 978 in
314 956 450 990 parag.
479 954 492 980 1
517 947 577 980 vel
598 947 945 992 praetermittenda
964 951 1097 981 essent
1115 946 1180 981 illa
1198 945 1321 992 prima
1340 946 1474 990 verba,
1502 946 1568 980 «El
1589 949 1662 979 afio
1677 957 1742 991 pa-

104 1001 235 1048 sado,»
266 1005 327 1038 vel
359 1005 543 1039 mutanda
574 1006 613 1040 in
641 1007 735 1040 haec
755 1007 827 1040 alia
849 1007 915 1041 «El
944 1009 1017 1040 afio
1042 1005 1317 1052 antepasado,»
1349 1004 1437 1039 scil.
1478 1013 1581 1049 1549.
1609 1005 1653 1039 In
1676 1016 1742 1050 pa-

102 1073 203 1106 ragr.
221 1071 240 1096 2
261 1064 444 1098 mutanda
463 1071 596 1099 essent
622 1067 830 1100 verborum
850 1072 1037 1112 tempora,
1064 1065 1117 1100 ita
1138 1070 1194 1110 ut,
1220 1076 1319 1112 quae
1342 1069 1545 1098 narrantur
1570 1064 1618 1098 de
1644 1070 1741 1098 tem-

101 1132 193 1166 pore
212 1123 409 1167 praesenti
428 1130 706 1159 convertantur
722 1124 759 1159 in
780 1131 933 1171 tempus
953 1130 1206 1169 transactum,
1233 1135 1316 1166 5611,
1338 1129 1380 1158 ut
1404 1122 1481 1158 dici
1506 1124 1619 1166 solet,
1646 1126 1741 1158 tem-

93 1185 373 1227 puspraesens
393 1184 619 1218 mutandum
639 1191 743 1219 esset
769 1186 806 1220 in
834 1185 1105 1231 praeteritum
1127 1183 1372 1230 perfectu77z‚·
1398 1188 1599 1229 praeterea
1630 1182 1742 1217 initio

100 1239 276 1285 ejusdem
308 1244 536 1289 paragraphi
563 1244 728 1278 delenda
748 1250 880 1279 essent
911 1244 976 1279 illa
1007 1245 1141 1291 verba:
1176 1243 1348 1278 «adonde
1376 1244 1564 1291 llegamos
1590 1245 1738 1277 vn⁴asio

101 1300 217 1345 [h]a.›)
251 1302 425 1337 Tandem
451 1308 606 1349 tempus
628 1303 850 1349 scriptionis
877 1303 1066 1349 epistolae
1097 1302 1347 1343 statuendum
1379 1307 1485 1336 esset
1510 1313 1643 1336 mense
1670 1300 1739 1335 Se-

98 1361 266 1405 ptembri
285 1368 350 1396 aut
369 1362 530 1398 Octobri
548 1363 638 1398 anni
661 1372 764 1408 1551,
781 1364 818 1398 111
839 1364 934 1398 urbe
954 1362 1201 1408 Amangucii.

168 1419 210 1454 Si
228 1422 299 1455 hae
317 1423 550 1457 mutationes
570 1435 647 1458 non
666 1423 912 1468 inducantur,
931 1421 1027 1457 falsa
1042 1433 1199 1468 prorsus
1217 1421 1395 1456 habenda
1410 1426 1484 1464 est,
1501 1426 1543 1455 ut
1558 1419 1736 1466 superius

93 1478 279 1525 diximus,
300 1486 339 1515 et
358 1481 580 1527 dicendum,
601 1483 702 1529 quod
721 1482 877 1528 quidexn
898 1482 1020 1527 magis
1039 1492 1250 1516 consonum
1270 1480 1427 1516 veritati
1453 1480 1621 1521 videtur,
1650 1491 1735 1514 eam

97 1549 147 1572 ex
165 1538 310 1585 duplici
325 1541 488 1586 epistola
507 1546 584 1584 (eX.
600 1554 657 1587 gr.
679 1553 725 1586 90
745 1548 783 1576 et
802 1545 886 1585 loo)
900 1541 1153 1587 compositam
1170 1540 1308 1575 fuisse.

168 1599 238 1644 Ep.
260 1612 297 1634 n.
322 1599 436 1636 1⁰3.
489 1601 722 1636 Conferatur
748 1602 843 1636 haec
862 1601 1026 1647 epistola
1056 1612 1149 1640 cum,
1175 1612 1236 1646 ep.
1266 1601 1338 1635 sub
1363 1612 1403 1634 11.
1439 1608 1504 1643 117
1529 1598 1668 1644 posita,
1695 1603 1735 1632 et

92 1658 197 1692 clare
215 1660 530 1704 apparebit.nihil
552 1661 656 1695 aliud
675 1673 776 1703 esse,
797 1673 911 1707 quam
930 1660 1203 1707 compendium
1222 1660 1436 1706 aliquarum
1452 1670 1578 1693 rerum
1595 1670 1643 1692 ex
1658 1657 1734 1703 his,

93 1718 248 1762 quaein
268 1720 338 1754 hac
357 1726 551 1766 postrema
571 1721 736 1766 epistola
755 1720 1017 1755 continentur:
1034 1720 1169 1755 ultima
1184 1725 1333 1754 tantum
1354 1718 1551 1765 periodus,
1570 1729 1669 1764 quae
1684 1716 1733 1751 de

92 1776 260 1811 Texeira
279 1778 374 1824 agit,
395 1779 433 1814 in
459 1791 519 1826 ep.
557 1789 621 1824 117
653 1780 915 1815 desideratur.
949 1779 1049 1814 Illud
1073 1785 1247 1824 certum„
1267 1779 1299 1813 si
1323 1790 1398 1824 qua
1421 1777 1518 1812 fides
1542 1776 1732 1822 epistolae

98 1834 164 1869 103
183 1836 401 1873 adhibenda
417 1844 535 1882 esset,
556 1851 682 1885 neque
700 1839 829 1873 datam
849 1850 936 1873 esse
955 1838 1018 1873 die
1038 1848 1057 1882 5
1084 1837 1299 1882 Februarii,
1320 1843 1361 1871 ut
1386 1836 1526 1871 asserit
1550 1834 1730 1880 Cutillas,

93 1905 209 1940 quem
228 1895 266 1929 in
286 1896 399 1931 titulo
417 1898 606 1943 epistolae
626 1898 780 1944 sequuti
801 1910 949 1940 sumus,
971 1909 1097 1943 neque
1117 1907 1160 1941 25
1188 1897 1329 1940 Martii,
1349 1901 1391 1931 ut
1415 1895 1552 1930 scribit
1573 1895 1730 1929 Tursel—

90 1953 211 1989 linus.
235 1956 348 1990 Ratio
367 1956 406 1991 in
431 1964 611 2003 promptu
630 1964 703 1992 est:
732 1958 773 1991 P.
796 1959 988 1991 Barzaeus
1011 1963 1139 1992 rector
1158 1956 1284 1992 Goani
1311 1955 1466 2001 collegii
1488 1960 1528 1990 et
1546 1955 1727 2001 Vicepro-

87 2012 265 2049 vincialis
283 2022 437 2051 creatus
456 2027 532 2051 non
550 2016 623 2051 fuit
643 2029 764 2064 usque
784 2017 831 2051 ad
851 2017 871 2050 6
892 2016 1037 2062 Aprilis
1055 2016 1161 2059 (vide
1181 2028 1242 2062 ep.
1273 2024 1355 2059 109,
1376 2014 1443 2049 ubi
1469 2019 1648 2060 patentes
1668 2013 1730 2049 lit-

83 2078 196 2108 terae
214 2075 435 2119 habentur);
455 2076 495 2110 in
513 2077 584 2111 hac
605 2087 695 2111 vero
714 2088 775 2122 ep.
799 2076 846 2110 ad
866 2076 1172 2121 P.¹Barzaeum,
1198 2081 1380 2121 tanquam
1406 2074 1453 2108 ad
1479 2073 1728 2119 Superiorem

85 2135 313 2178 generalem
341 2134 493 2179 Indiae,
522 2135 658 2171 scribit
688 2136 880 2170 Xaverius
927 2136 1029 2180 Ergo
1060 2139 1148 2180 post
1178 2134 1281 2169 diem
1306 2134 1328 2168 6
1360 2133 1525 2179 Aprilis,
1565 2134 1727 2179 Iterum,

87 2192 232 2239 scripta
248 2191 322 2228 fuit
341 2205 390 2228 ex
411 2195 506 2228 urbe
533 2194 684 2237 Cocini3
707 2194 808 2228 unde
840 2205 916 2228 non
942 2193 1097 2240 quando
1128 2192 1321 2228 Xaverius
1340 2204 1389 2227 ex
1414 2191 1577 2238 Japonia
1602 2192 1726 2228 Goam

83 2253 373 2298 revertebatur,
393 2253 463 2288 sed
487 2254 526 2288 in
557 2253 641 2298 ejus
660 2252 798 2288 itinere
819 2265 867 2288 ex
890 2254 986 2288 urbe
1012 2253 1098 2288 Goa
1122 2252 1170 2287 ad
1194 2252 1361 2287 Sinense
1386 2251 1605 2298 imperium.
1627 2251 1726 2287 Con-

87 2316 146 2346 tra
164 2316 317 2358 tempus
337 2324 357 2347 a
376 2313 540 2348 Cutilias
559 2313 816 2358 assignatum,
836 2312 927 2347 scit.
959 2322 978 2356 5
998 2311 1215 2357 Februarii,
1233 2311 1351 2346 etiam
1377 2311 1542 2345 habetur
1559 2312 1725 2346 nuncius

83 2370 136 2406 de
154 2376 278 2405 morte
297 2372 339 2406 Ρ.
361 2372 471 2407 Pauli
485 2372 533 2407 de
554 2373 680 2418 Valle,
695 2372 761 2419 qui
780 2372 878 2407 obiit
896 2372 959 2413 die
977 2382 998 2416 4
1017 2371 1145 2406 Martii
1160 2371 1265 2415 (vide
1284 2382 1346 2417 ep.
1370 2379 1450 2415 117,
1470 2376 1603 2406 annot.
1624 2374 1675 2414 2.)

157 2432 232 2477 Ep.
254 2442 295 2465 11.
321 2429 440 2467 Ἰθίί.
494 2432 668 2478 Simplex
686 2432 841 2471 collatio
866 2443 954 2466 cum
978 2431 1228 2478 praecedenti
1247 2430 1413 2477 epistola
1430 2431 1533 2465 clare
1552 2431 1725 2466 ostendit

85 2490 192 2525 illius
210 2491 462 2525 summarium
481 2503 582 2525 esse.
1034 2502 1036 2505 ’
1616 2523 1617 2526 ,

156 2551 226 2596 Ep.
248 2563 289 2585 n.
313 2549 418 2586 na.
471 2550 748 2586 Praecedentis
768 2550 957 2597 epistolae
976 2550 1246 2586 summarium.
1271 2549 1371 2584 Vide
1395 2556 1522 2585 annot.
1544 2558 1558 2584 1
1581 2549 1723 2596 epi-sto-

86 2610 146 2644 lae
168 2609 251 2645 116.
987 2647 990 2650 .
1214 2649 1217 2651 i

156 2670 230 2715 Ep.
256 2681 293 2704 n.
313 2668 334 2703 Ι
348 2669 411 2705 17.
464 2669 564 2704 Vide
582 2681 680 2716 quae
700 2671 879 2716 superius
897 2669 1076 2714 dicimus,
1095 2668 1249 2716 quando
1268 2679 1395 2703 sermo
1423 2673 1484 2704 est
1500 2669 1549 2704 de
1568 2682 1629 2716 ep.
1654 2669 1722 2705 103

82 2739 175 2763 cum
193 2729 264 2763 hac
282 2733 518 2775 comparata.

154 2788 225 2834 Ep.
242 2800 284 2823 n.
311 2787 415 2824 119.
468 2787 569 2822 Vide
585 2800 683 2834 quae
703 2789 741 2823 in
760 2794 895 2824 annot.
918 2798 932 2823 1
954 2789 1138 2834 diximus,
1159 2790 1243 2825 scil.
1260 2791 1358 2825 hanc
1381 2790 1587 2837 epistolam
1603 2789 1641 2824 in
1655 2800 1720 2835 pa-

82 2846 284 2893 ragraphis
307 2856 320 2882 Ι
342 2852 381 2882 et
399 2846 421 2882 3
439 2847 711 2894 praecedentis
726 2848 915 2894 epistolae
934 2849 1142 2884 contineri.

144 2907 230 2952 Ep.
255 2918 293 2941 n.
313 2905 432 2943 126.
484 2907 649 2942 Videtur
667 2907 868 2954 sequentis
887 2907 1076 2954 epistolae
1095 2908 1360 2954 summarium,
1384 2921 1452 2944 seu
1478 2908 1606 2956 potius
1631 2920 1720 2954 pars
